time_msc	bid	ask	last	volume	buy
2026-02-20 10:03:00.001	41.5	41.11	40.79	4100	False
2026-02-20 10:03:00.001	41.5	41.11	40.79	4400	False
2026-02-20 10:03:00.001	41.5	41.11	40.79	500	False
2026-02-20 10:03:00.001	41.5	41.11	40.7	400	False
2026-02-20 10:03:00.001	41.5	41.11	40.61	100	False
2026-02-20 10:03:00.047	41.5	41.11	40.99	100	False
2026-02-20 10:03:00.050	41.5	41.11	40.63	200	False
2026-02-20 10:03:00.109	41.5	41.11	40.89	100	False
2026-02-20 10:03:00.109	41.5	41.11	40.9	200	False
2026-02-20 10:03:00.305	40.83	40.9	40.9	300	True
2026-02-20 10:03:00.972	40.83	40.9	40.83	600	False
2026-02-20 10:03:01.284	40.77	40.87	40.87	100	True
2026-02-20 10:03:01.284	40.77	40.87	40.89	1300	True
2026-02-20 10:03:01.284	40.77	40.87	40.9	600	True
2026-02-20 10:03:05.027	40.8	40.89	40.89	500	True
2026-02-20 10:03:05.181	40.8	40.89	40.89	100	True
2026-02-20 10:03:11.760	40.8	40.89	40.87	500	True
2026-02-20 10:03:11.760	40.8	40.89	40.88	1700	True
2026-02-20 10:03:11.760	40.8	40.89	40.89	1100	True
2026-02-20 10:03:11.761	40.8	40.89	40.87	300	True
2026-02-20 10:03:11.761	40.8	40.89	40.9	3000	True
2026-02-20 10:03:11.761	40.8	40.89	40.91	1200	True
2026-02-20 10:03:11.764	40.8	40.89	40.91	100	True
2026-02-20 10:03:11.764	40.8	40.89	40.92	800	True
2026-02-20 10:03:12.873	40.88	40.92	40.92	200	True
2026-02-20 10:03:12.874	40.88	40.92	40.94	400	True
2026-02-20 10:03:18.146	40.91	40.96	40.91	500	False
2026-02-20 10:03:18.149	40.91	40.96	40.91	500	False
2026-02-20 10:03:18.873	40.91	40.95	40.91	1500	False
2026-02-20 10:03:18.873	40.91	40.95	40.9	500	False
2026-02-20 10:03:20.663	40.9	40.95	40.95	100	True
2026-02-20 10:03:25.018	40.9	40.95	40.9	100	False
2026-02-20 10:03:36.533	40.9	40.94	40.9	400	False
2026-02-20 10:03:36.533	40.9	40.94	40.89	400	False
2026-02-20 10:03:44.725	40.89	40.94	40.89	500	False
2026-02-20 10:04:30.033	40.91	40.94	40.91	400	False
2026-02-20 10:04:40.775	40.91	40.94	40.91	200	False
2026-02-20 10:04:45.113	40.91	40.94	40.94	100	True
2026-02-20 10:04:49.374	40.92	40.94	40.92	500	False
2026-02-20 10:04:49.374	40.92	40.94	40.92	100	False
2026-02-20 10:04:49.387	40.92	40.94	40.91	800	False
2026-02-20 10:04:49.387	40.92	40.94	40.9	500	False
2026-02-20 10:04:57.656	40.89	40.92	40.89	2200	False
2026-02-20 10:04:58.694	40.89	40.91	40.91	1000	True
2026-02-20 10:04:59.925	40.89	40.91	40.91	1100	True
2026-02-20 10:05:08.643	40.91	40.94	40.91	400	False
2026-02-20 10:05:08.647	40.91	40.94	40.91	100	False
2026-02-20 10:05:08.653	40.91	40.94	40.91	600	False
2026-02-20 10:05:28.012	40.91	40.96	40.96	100	True
2026-02-20 10:05:34.510	40.93	40.98	40.94	300	True
2026-02-20 10:05:34.523	40.93	40.98	40.94	100	True
2026-02-20 10:05:34.523	40.93	40.98	40.93	100	False
2026-02-20 10:05:38.001	40.93	40.97	40.93	600	False
2026-02-20 10:05:38.003	40.93	40.97	40.93	900	False
2026-02-20 10:05:53.569	40.93	40.96	40.93	500	False
2026-02-20 10:05:53.611	40.93	40.96	40.95	100	True
2026-02-20 10:05:54.485	40.92	40.95	40.92	100	False
2026-02-20 10:05:54.485	40.92	40.95	40.92	400	False
2026-02-20 10:05:58.788	40.9	40.92	40.9	1000	False
2026-02-20 10:05:59.822	40.9	40.92	40.9	100	False
2026-02-20 10:06:00.064	40.89	40.92	40.89	4800	False
2026-02-20 10:06:00.064	40.89	40.92	40.89	100	False
2026-02-20 10:06:00.065	40.89	40.92	40.88	600	False
2026-02-20 10:06:00.604	40.87	40.89	40.87	400	False
2026-02-20 10:06:00.604	40.87	40.89	40.86	200	False
2026-02-20 10:06:00.631	40.87	40.89	40.88	100	True
2026-02-20 10:06:00.643	40.87	40.89	40.88	1800	True
2026-02-20 10:06:00.797	40.87	40.89	40.88	200	True
2026-02-20 10:06:00.810	40.87	40.89	40.89	300	True
2026-02-20 10:06:01.256	40.87	40.89	40.87	400	False
2026-02-20 10:06:01.256	40.87	40.89	40.86	100	False
2026-02-20 10:06:01.256	40.87	40.89	40.87	100	False
2026-02-20 10:06:03.320	40.85	40.88	40.85	700	False
2026-02-20 10:06:08.091	40.85	40.88	40.85	100	False
2026-02-20 10:06:21.452	40.85	40.88	40.88	100	True
2026-02-20 10:06:21.532	40.85	40.88	40.88	100	True
2026-02-20 10:06:25.970	40.86	40.88	40.88	100	True
2026-02-20 10:06:26.057	40.86	40.88	40.88	100	True
2026-02-20 10:06:28.117	40.87	40.88	40.87	100	False
2026-02-20 10:06:31.313	40.87	40.88	40.87	400	False
2026-02-20 10:06:31.316	40.87	40.88	40.86	500	False
2026-02-20 10:06:31.445	40.85	40.87	40.87	100	True
2026-02-20 10:06:31.509	40.85	40.87	40.87	100	True
2026-02-20 10:06:32.551	40.86	40.88	40.86	100	False
2026-02-20 10:06:32.553	40.86	40.88	40.86	400	False
2026-02-20 10:06:32.553	40.86	40.88	40.85	200	False
2026-02-20 10:06:32.569	40.86	40.88	40.86	100	False
2026-02-20 10:06:39.571	40.85	40.88	40.85	100	False
2026-02-20 10:06:39.571	40.85	40.88	40.85	100	False
2026-02-20 10:06:39.575	40.85	40.88	40.85	500	False
2026-02-20 10:06:40.951	40.85	40.88	40.85	200	False
2026-02-20 10:06:40.951	40.85	40.88	40.85	100	False
2026-02-20 10:06:40.956	40.85	40.88	40.85	200	False
2026-02-20 10:06:40.959	40.85	40.88	40.85	100	False
2026-02-20 10:06:43.120	40.85	40.88	40.88	100	True
2026-02-20 10:06:43.198	40.85	40.88	40.88	100	True
2026-02-20 10:06:59.247	40.86	40.89	40.86	400	False
2026-02-20 10:06:59.287	40.86	40.89	40.86	200	False
2026-02-20 10:07:00.462	40.86	40.89	40.86	100	False
2026-02-20 10:07:00.463	40.86	40.89	40.86	100	False
2026-02-20 10:07:00.463	40.86	40.89	40.86	400	False
2026-02-20 10:07:00.471	40.86	40.89	40.86	100	False
2026-02-20 10:07:13.396	40.86	40.89	40.86	100	False
2026-02-20 10:07:13.413	40.86	40.89	40.85	1400	False
2026-02-20 10:07:13.489	40.86	40.89	40.84	600	False
2026-02-20 10:07:14.293	40.83	40.86	40.85	100	True
2026-02-20 10:07:23.408	40.83	40.86	40.86	100	True
2026-02-20 10:07:27.758	40.83	40.87	40.83	800	False
2026-02-20 10:07:35.264	40.84	40.87	40.84	400	False
2026-02-20 10:07:35.277	40.84	40.87	40.84	400	False
2026-02-20 10:07:38.431	40.84	40.87	40.84	300	False
2026-02-20 10:07:38.431	40.84	40.87	40.84	100	False
2026-02-20 10:07:38.431	40.84	40.87	40.84	400	False
2026-02-20 10:07:38.598	40.84	40.87	40.84	300	False
2026-02-20 10:07:38.599	40.84	40.87	40.84	100	False
2026-02-20 10:07:39.981	40.83	40.87	40.83	800	False
2026-02-20 10:07:39.989	40.83	40.87	40.83	100	False
2026-02-20 10:07:47.693	40.82	40.86	40.82	700	False
2026-02-20 10:07:47.693	40.82	40.86	40.81	300	False
2026-02-20 10:07:49.205	40.82	40.86	40.82	600	False
2026-02-20 10:07:49.209	40.82	40.86	40.82	200	False
2026-02-20 10:07:49.229	40.82	40.86	40.82	100	False
2026-02-20 10:07:49.239	40.82	40.86	40.82	300	False
2026-02-20 10:07:49.249	40.82	40.86	40.82	500	False
2026-02-20 10:07:54.765	40.82	40.85	40.85	100	True
2026-02-20 10:08:15.344	40.83	40.87	40.87	200	True
2026-02-20 10:08:43.520	40.86	40.89	40.86	1000	False
2026-02-20 10:08:43.564	40.86	40.89	40.85	500	False
2026-02-20 10:08:43.577	40.86	40.89	40.85	400	False
2026-02-20 10:08:43.577	40.86	40.89	40.85	800	False
2026-02-20 10:08:43.581	40.86	40.89	40.85	100	False
2026-02-20 10:08:43.753	40.85	40.88	40.85	100	False
2026-02-20 10:08:43.753	40.85	40.88	40.85	1000	False
2026-02-20 10:09:01.057	40.86	40.89	40.86	600	False
2026-02-20 10:09:01.060	40.86	40.89	40.86	400	False
2026-02-20 10:09:01.068	40.86	40.89	40.86	100	False
2026-02-20 10:09:01.078	40.86	40.89	40.86	900	False
2026-02-20 10:09:01.096	40.86	40.89	40.86	100	False
2026-02-20 10:09:01.096	40.86	40.89	40.85	100	False
2026-02-20 10:09:01.101	40.86	40.89	40.85	600	False
2026-02-20 10:09:27.056	40.86	40.9	40.88	100	True
2026-02-20 10:09:29.439	40.86	40.89	40.88	1000	True
2026-02-20 10:09:31.163	40.87	40.88	40.87	100	False
2026-02-20 10:09:31.163	40.87	40.88	40.87	600	False
2026-02-20 10:09:31.204	40.87	40.88	40.87	100	False
2026-02-20 10:09:31.747	40.86	40.87	40.86	200	False
2026-02-20 10:09:31.747	40.86	40.87	40.86	700	False
2026-02-20 10:09:31.747	40.86	40.87	40.86	200	False
2026-02-20 10:09:45.621	40.86	40.87	40.87	100	True
2026-02-20 10:09:46.068	40.86	40.87	40.86	100	False
2026-02-20 10:09:47.068	40.86	40.87	40.86	100	False
2026-02-20 10:09:48.072	40.86	40.87	40.86	100	False
2026-02-20 10:09:48.559	40.86	40.87	40.86	100	False
2026-02-20 10:09:48.559	40.86	40.87	40.85	500	False
2026-02-20 10:09:48.635	40.86	40.87	40.86	100	False
2026-02-20 10:09:48.674	40.86	40.87	40.86	100	False
2026-02-20 10:09:55.723	40.84	40.86	40.84	100	False
2026-02-20 10:09:55.723	40.84	40.86	40.84	500	False
2026-02-20 10:09:55.724	40.84	40.86	40.84	200	False
2026-02-20 10:10:02.966	40.84	40.87	40.84	500	False
2026-02-20 10:10:27.440	40.84	40.87	40.84	200	False
2026-02-20 10:10:27.447	40.84	40.87	40.84	500	False
2026-02-20 10:10:27.464	40.84	40.87	40.84	300	False
2026-02-20 10:10:27.500	40.84	40.87	40.84	100	False
2026-02-20 10:10:27.500	40.84	40.87	40.83	100	False
2026-02-20 10:10:27.500	40.84	40.87	40.83	600	False
2026-02-20 10:10:36.553	40.82	40.84	40.82	100	False
2026-02-20 10:10:36.554	40.82	40.84	40.82	600	False
2026-02-20 10:10:42.960	40.81	40.84	40.84	100	True
2026-02-20 10:10:43.027	40.81	40.84	40.84	100	True
2026-02-20 10:10:43.106	40.81	40.84	40.84	100	True
2026-02-20 10:10:51.192	40.82	40.84	40.82	100	False
2026-02-20 10:10:51.245	40.82	40.84	40.84	100	True
2026-02-20 10:10:51.321	40.82	40.84	40.84	100	True
2026-02-20 10:10:52.069	40.81	40.84	40.84	500	True
2026-02-20 10:11:26.183	40.83	40.86	40.83	500	False
2026-02-20 10:11:26.188	40.83	40.86	40.83	1700	False
2026-02-20 10:11:26.206	40.83	40.86	40.83	300	False
2026-02-20 10:11:26.231	40.83	40.86	40.83	800	False
2026-02-20 10:11:26.231	40.83	40.86	40.82	100	False
2026-02-20 10:11:26.231	40.83	40.86	40.82	1100	False
2026-02-20 10:11:33.638	40.83	40.86	40.83	200	False
2026-02-20 10:11:33.639	40.83	40.86	40.83	300	False
2026-02-20 10:11:33.642	40.83	40.86	40.83	100	False
2026-02-20 10:11:33.666	40.83	40.86	40.83	1400	False
2026-02-20 10:11:33.688	40.83	40.86	40.83	600	False
2026-02-20 10:11:35.564	40.83	40.86	40.83	500	False
2026-02-20 10:11:38.067	40.82	40.85	40.82	100	False
2026-02-20 10:11:42.889	40.82	40.85	40.82	100	False
2026-02-20 10:11:42.944	40.82	40.85	40.83	100	True
2026-02-20 10:11:42.997	40.82	40.85	40.83	100	True
2026-02-20 10:11:43.042	40.82	40.85	40.83	100	True
2026-02-20 10:11:43.112	40.82	40.85	40.83	100	True
2026-02-20 10:11:43.138	40.82	40.85	40.83	100	True
2026-02-20 10:11:43.183	40.82	40.85	40.83	100	True
2026-02-20 10:11:43.241	40.81	40.83	40.83	100	True
2026-02-20 10:11:43.296	40.81	40.83	40.81	200	False
2026-02-20 10:11:43.309	40.81	40.83	40.83	100	True
2026-02-20 10:11:43.346	40.81	40.83	40.83	100	True
2026-02-20 10:11:43.392	40.81	40.83	40.83	100	True
2026-02-20 10:11:47.835	40.83	40.85	40.83	100	False
2026-02-20 10:11:52.138	40.82	40.85	40.82	100	False
2026-02-20 10:11:52.249	40.82	40.85	40.82	100	False
2026-02-20 10:11:52.377	40.81	40.82	40.82	100	True
2026-02-20 10:11:52.482	40.81	40.82	40.82	100	True
2026-02-20 10:11:52.540	40.81	40.82	40.82	100	True
2026-02-20 10:12:17.455	40.82	40.85	40.82	100	False
2026-02-20 10:12:26.497	40.81	40.84	40.81	100	False
2026-02-20 10:12:51.299	40.81	40.84	40.81	200	False
2026-02-20 10:13:00.112	40.81	40.84	40.84	100	True
2026-02-20 10:13:01.405	40.81	40.84	40.81	800	False
2026-02-20 10:13:01.406	40.81	40.84	40.81	200	False
2026-02-20 10:13:01.406	40.81	40.84	40.81	800	False
2026-02-20 10:13:01.442	40.81	40.84	40.81	1000	False
2026-02-20 10:13:01.456	40.81	40.84	40.81	2100	False
2026-02-20 10:13:14.415	40.8	40.82	40.82	100	True
2026-02-20 10:13:14.499	40.8	40.82	40.82	100	True
2026-02-20 10:13:26.687	40.81	40.82	40.81	500	False
2026-02-20 10:13:38.271	40.8	40.82	40.8	100	False
2026-02-20 10:13:39.585	40.8	40.82	40.81	100	True
2026-02-20 10:14:12.369	40.8	40.82	40.81	100	True
2026-02-20 10:14:12.406	40.8	40.82	40.82	100	True
2026-02-20 10:14:12.502	40.8	40.82	40.82	100	True
2026-02-20 10:14:12.554	40.8	40.82	40.82	100	True
2026-02-20 10:14:13.472	40.81	40.84	40.81	800	False
2026-02-20 10:14:13.514	40.81	40.84	40.81	3100	False
2026-02-20 10:14:13.582	40.81	40.84	40.8	1000	False
2026-02-20 10:14:13.636	40.81	40.84	40.81	500	False
2026-02-20 10:14:17.101	40.8	40.81	40.81	500	True
2026-02-20 10:14:17.607	40.8	40.81	40.81	500	True
2026-02-20 10:14:22.781	40.8	40.81	40.8	300	False
2026-02-20 10:14:39.548	40.8	40.81	40.81	200	True
2026-02-20 10:14:44.429	40.8	40.81	40.81	1400	True
2026-02-20 10:14:44.589	40.81	40.82	40.82	100	True
2026-02-20 10:14:44.785	40.81	40.82	40.83	100	True
2026-02-20 10:14:46.445	40.81	40.84	40.84	9000	True
2026-02-20 10:14:46.445	40.81	40.84	40.83	9000	True
2026-02-20 10:14:47.520	40.8	40.82	40.82	600	True
2026-02-20 10:14:57.465	40.8	40.83	40.83	700	True
2026-02-20 10:14:57.465	40.8	40.83	40.84	500	True
2026-02-20 10:14:57.465	40.8	40.83	40.84	1200	True
2026-02-20 10:14:57.591	40.8	40.83	40.85	2600	True
2026-02-20 10:14:57.597	40.8	40.83	40.86	1200	True
2026-02-20 10:14:59.405	40.87	40.91	40.87	700	False
2026-02-20 10:14:59.406	40.87	40.91	40.86	3300	False
2026-02-20 10:14:59.414	40.87	40.91	40.85	900	False
2026-02-20 10:14:59.616	40.84	40.88	40.84	1000	False
2026-02-20 10:14:59.617	40.84	40.88	40.84	800	False
2026-02-20 10:14:59.626	40.84	40.88	40.84	2000	False
2026-02-20 10:14:59.679	40.84	40.88	40.84	1000	False
2026-02-20 10:15:00.591	40.84	40.87	40.84	200	False
2026-02-20 10:15:00.592	40.84	40.87	40.84	600	False
2026-02-20 10:15:37.177	40.85	40.88	40.85	100	False
2026-02-20 10:15:38.702	40.84	40.87	40.84	100	False
2026-02-20 10:16:07.377	40.83	40.87	40.83	2000	False
2026-02-20 10:16:07.388	40.83	40.87	40.83	19700	False
2026-02-20 10:16:07.408	40.83	40.87	40.82	400	False
2026-02-20 10:16:25.577	40.81	40.85	40.81	600	False
2026-02-20 10:16:25.579	40.81	40.85	40.81	300	False
2026-02-20 10:16:25.601	40.81	40.85	40.81	2000	False
2026-02-20 10:16:25.626	40.81	40.85	40.81	1000	False
2026-02-20 10:17:20.309	40.82	40.86	40.86	2100	True
2026-02-20 10:17:20.309	40.82	40.86	40.86	400	True
2026-02-20 10:17:34.147	40.83	40.87	40.87	100	True
2026-02-20 10:17:34.147	40.83	40.87	40.88	100	True
2026-02-20 10:17:41.268	40.84	40.88	40.84	1800	False
2026-02-20 10:17:41.275	40.84	40.88	40.84	200	False
2026-02-20 10:17:50.455	40.83	40.86	40.86	900	True
2026-02-20 10:18:00.293	40.84	40.88	40.84	800	False
2026-02-20 10:18:00.294	40.84	40.88	40.84	500	False
2026-02-20 10:18:00.330	40.84	40.88	40.84	100	False
2026-02-20 10:18:00.338	40.84	40.88	40.84	100	False
2026-02-20 10:18:05.004	40.83	40.87	40.83	900	False
2026-02-20 10:18:05.042	40.83	40.86	40.83	200	False
2026-02-20 10:18:05.050	40.83	40.86	40.83	600	False
2026-02-20 10:18:05.108	40.83	40.86	40.83	200	False
2026-02-20 10:18:17.128	40.83	40.86	40.83	100	False
2026-02-20 10:18:21.142	40.81	40.85	40.81	700	False
2026-02-20 10:18:21.147	40.81	40.85	40.81	300	False
2026-02-20 10:18:21.150	40.81	40.85	40.81	100	False
2026-02-20 10:18:22.138	40.81	40.85	40.81	400	False
2026-02-20 10:18:22.138	40.81	40.85	40.81	1300	False
2026-02-20 10:18:42.636	40.82	40.86	40.82	100	False
2026-02-20 10:18:42.638	40.82	40.86	40.82	200	False
2026-02-20 10:18:42.654	40.82	40.86	40.82	200	False
2026-02-20 10:19:00.376	40.82	40.84	40.82	400	False
2026-02-20 10:19:00.377	40.82	40.84	40.82	400	False
2026-02-20 10:19:00.388	40.82	40.84	40.82	300	False
2026-02-20 10:19:00.393	40.82	40.84	40.82	200	False
2026-02-20 10:19:01.208	40.81	40.84	40.81	400	False
2026-02-20 10:19:01.211	40.81	40.84	40.81	3000	False
2026-02-20 10:19:01.212	40.81	40.84	40.81	500	False
2026-02-20 10:19:16.912	40.81	40.84	40.81	800	False
2026-02-20 10:19:17.076	40.81	40.84	40.82	100	True
2026-02-20 10:19:22.138	40.82	40.84	40.82	800	False
2026-02-20 10:19:27.998	40.82	40.84	40.84	100	True
2026-02-20 10:19:27.998	40.82	40.84	40.85	4100	True
2026-02-20 10:19:33.942	40.82	40.86	40.82	800	False
2026-02-20 10:19:33.960	40.82	40.86	40.82	200	False
2026-02-20 10:19:33.960	40.82	40.86	40.82	1000	False
2026-02-20 10:19:33.962	40.82	40.86	40.82	2000	False
2026-02-20 10:19:33.966	40.82	40.86	40.82	100	False
2026-02-20 10:19:33.986	40.82	40.86	40.82	800	False
2026-02-20 10:19:34.013	40.82	40.86	40.82	200	False
2026-02-20 10:19:34.014	40.82	40.86	40.82	200	False
2026-02-20 10:19:34.015	40.82	40.86	40.82	200	False
2026-02-20 10:19:34.034	40.82	40.86	40.82	300	False
2026-02-20 10:20:02.362	40.82	40.86	40.82	100	False
2026-02-20 10:20:02.364	40.82	40.86	40.82	300	False
2026-02-20 10:20:02.369	40.82	40.86	40.82	400	False
2026-02-20 10:20:04.802	40.82	40.86	40.82	200	False
2026-02-20 10:20:06.775	40.82	40.86	40.82	3700	False
2026-02-20 10:20:30.026	40.83	40.86	40.86	100	True
2026-02-20 10:20:45.790	40.83	40.86	40.83	400	False
2026-02-20 10:20:45.798	40.83	40.86	40.83	300	False
2026-02-20 10:20:46.050	40.83	40.86	40.86	2100	True
2026-02-20 10:20:48.573	40.83	40.87	40.83	800	False
2026-02-20 10:20:59.110	40.84	40.88	40.84	800	False
2026-02-20 10:21:08.321	40.85	40.88	40.85	300	False
2026-02-20 10:21:22.562	40.84	40.87	40.84	800	False
2026-02-20 10:21:22.563	40.84	40.87	40.84	300	False
2026-02-20 10:21:26.484	40.83	40.87	40.83	800	False
2026-02-20 10:21:26.496	40.83	40.87	40.83	200	False
2026-02-20 10:21:26.509	40.83	40.87	40.83	1100	False
2026-02-20 10:21:26.519	40.83	40.87	40.83	1000	False
2026-02-20 10:21:26.530	40.83	40.87	40.83	600	False
2026-02-20 10:21:26.549	40.83	40.87	40.83	1200	False
2026-02-20 10:21:41.785	40.83	40.87	40.83	800	False
2026-02-20 10:21:41.803	40.83	40.87	40.83	100	False
2026-02-20 10:21:41.810	40.83	40.87	40.83	100	False
2026-02-20 10:22:39.005	40.83	40.87	40.87	200	True
2026-02-20 10:22:41.211	40.83	40.87	40.83	2000	False
2026-02-20 10:22:41.401	40.83	40.87	40.86	100	True
2026-02-20 10:22:43.130	40.83	40.86	40.83	400	False
2026-02-20 10:22:43.135	40.83	40.86	40.83	1600	False
2026-02-20 10:22:47.290	40.83	40.86	40.83	500	False
2026-02-20 10:22:47.321	40.83	40.86	40.82	1600	False
2026-02-20 10:22:50.507	40.82	40.86	40.82	500	False
2026-02-20 10:22:53.132	40.82	40.86	40.82	2000	False
2026-02-20 10:22:53.188	40.82	40.86	40.82	2000	False
2026-02-20 10:22:53.223	40.82	40.86	40.82	100	False
2026-02-20 10:22:59.125	40.81	40.84	40.81	500	False
2026-02-20 10:23:01.381	40.81	40.84	40.81	1100	False
2026-02-20 10:23:04.741	40.8	40.83	40.8	200	False
2026-02-20 10:23:04.857	40.8	40.83	40.8	100	False
2026-02-20 10:23:04.857	40.8	40.83	40.8	100	False
2026-02-20 10:23:04.857	40.8	40.83	40.8	700	False
2026-02-20 10:23:04.862	40.8	40.83	40.8	700	False
2026-02-20 10:23:04.898	40.8	40.83	40.8	100	False
2026-02-20 10:23:08.263	40.8	40.83	40.8	300	False
2026-02-20 10:23:08.264	40.8	40.83	40.79	500	False
2026-02-20 10:23:08.264	40.8	40.83	40.79	3400	False
2026-02-20 10:23:08.265	40.8	40.83	40.8	100	False
2026-02-20 10:23:08.265	40.8	40.83	40.8	500	False
2026-02-20 10:23:08.276	40.8	40.83	40.79	100	False
2026-02-20 10:23:08.298	40.8	40.83	40.8	400	False
2026-02-20 10:23:08.333	40.8	40.83	40.8	3200	False
2026-02-20 10:23:08.333	40.8	40.83	40.8	400	False
2026-02-20 10:24:23.396	40.82	40.84	40.82	100	False
2026-02-20 10:24:23.400	40.82	40.84	40.82	400	False
2026-02-20 10:24:36.919	40.81	40.82	40.81	400	False
2026-02-20 10:24:40.776	40.8	40.83	40.8	800	False
2026-02-20 10:25:06.234	40.8	40.83	40.8	300	False
2026-02-20 10:25:06.235	40.8	40.83	40.8	400	False
2026-02-20 10:25:06.236	40.8	40.83	40.8	100	False
2026-02-20 10:25:51.882	40.81	40.84	40.8	1700	False
2026-02-20 10:25:51.882	40.81	40.84	40.79	300	False
2026-02-20 10:25:51.905	40.81	40.84	40.8	1000	False
2026-02-20 10:26:21.360	40.79	40.81	40.79	200	False
2026-02-20 10:27:18.250	40.8	40.83	40.8	200	False
2026-02-20 10:27:26.433	40.8	40.83	40.83	8200	True
2026-02-20 10:27:38.043	40.81	40.83	40.83	100	True
2026-02-20 10:28:06.390	40.84	40.86	40.86	100	True
2026-02-20 10:28:24.457	40.84	40.86	40.84	400	False
2026-02-20 10:28:24.481	40.84	40.86	40.84	200	False
2026-02-20 10:28:34.010	40.83	40.84	40.84	200	True
2026-02-20 10:28:52.942	40.84	40.86	40.86	200	True
2026-02-20 10:28:53.034	40.84	40.86	40.88	2600	True
2026-02-20 10:28:53.124	40.84	40.86	40.87	100	True
2026-02-20 10:28:53.232	40.84	40.86	40.88	100	True
2026-02-20 10:28:53.371	40.87	40.88	40.88	1700	True
2026-02-20 10:28:53.498	40.87	40.88	40.88	100	True
2026-02-20 10:28:58.145	40.87	40.88	40.87	100	False
2026-02-20 10:28:58.147	40.86	40.87	40.87	100	True
2026-02-20 10:28:58.161	40.86	40.87	40.87	100	True
2026-02-20 10:28:58.530	40.87	40.88	40.87	600	False
2026-02-20 10:28:58.624	40.87	40.88	40.87	100	False
2026-02-20 10:29:18.372	40.87	40.9	40.87	200	False
2026-02-20 10:29:18.494	40.86	40.87	40.87	100	True
2026-02-20 10:29:18.516	40.86	40.87	40.87	900	True
2026-02-20 10:29:18.636	40.86	40.87	40.87	100	True
2026-02-20 10:29:20.022	40.86	40.88	40.87	400	True
2026-02-20 10:29:20.074	40.86	40.88	40.87	800	True
2026-02-20 10:29:30.190	40.87	40.9	40.87	400	False
2026-02-20 10:29:32.932	40.87	40.89	40.87	100	False
2026-02-20 10:29:32.932	40.87	40.89	40.86	2100	False
2026-02-20 10:29:32.941	40.87	40.89	40.86	11200	False
2026-02-20 10:29:33.116	40.87	40.89	40.85	400	False
2026-02-20 10:29:33.227	40.84	40.86	40.86	2300	True
2026-02-20 10:29:37.542	40.84	40.87	40.87	5200	True
2026-02-20 10:29:37.542	40.84	40.87	40.88	1800	True
2026-02-20 10:30:00.153	40.86	40.89	40.89	21900	True
2026-02-20 10:30:00.170	40.86	40.89	40.89	300	True
2026-02-20 10:30:00.963	40.88	40.91	40.91	800	True
2026-02-20 10:30:02.081	40.88	40.91	40.89	200	True
2026-02-20 10:30:02.091	40.88	40.91	40.89	100	True
2026-02-20 10:30:09.951	40.88	40.91	40.88	500	False
2026-02-20 10:30:10.966	40.87	40.88	40.88	800	True
2026-02-20 10:30:15.396	40.87	40.88	40.88	100	True
2026-02-20 10:30:26.957	40.87	40.88	40.87	100	False
2026-02-20 10:30:26.967	40.87	40.88	40.86	4600	False
2026-02-20 10:30:27.651	40.85	40.87	40.87	100	True
2026-02-20 10:30:35.442	40.85	40.87	40.87	2800	True
2026-02-20 10:30:42.619	40.86	40.87	40.87	300	True
2026-02-20 10:31:10.141	40.88	40.91	40.88	200	False
2026-02-20 10:31:10.148	40.88	40.91	40.88	400	False
2026-02-20 10:31:19.288	40.87	40.91	40.87	2000	False
2026-02-20 10:31:21.892	40.87	40.9	40.89	400	True
2026-02-20 10:31:21.898	40.87	40.9	40.89	100	True
2026-02-20 10:31:24.966	40.87	40.9	40.87	1100	False
2026-02-20 10:31:24.968	40.87	40.9	40.87	400	False
2026-02-20 10:31:24.968	40.87	40.9	40.86	1600	False
2026-02-20 10:31:25.000	40.87	40.9	40.87	200	False
2026-02-20 10:31:25.083	40.87	40.9	40.87	900	False
2026-02-20 10:31:31.846	40.85	40.87	40.85	1000	False
2026-02-20 10:31:47.790	40.85	40.87	40.85	100	False
2026-02-20 10:31:47.790	40.85	40.87	40.85	500	False
2026-02-20 10:31:47.798	40.85	40.87	40.85	100	False
2026-02-20 10:31:49.369	40.85	40.87	40.85	600	False
2026-02-20 10:31:49.371	40.85	40.87	40.85	500	False
2026-02-20 10:31:49.424	40.85	40.87	40.84	100	False
2026-02-20 10:31:52.138	40.82	40.84	40.82	500	False
2026-02-20 10:31:52.139	40.82	40.84	40.82	1500	False
2026-02-20 10:32:05.137	40.81	40.84	40.81	600	False
2026-02-20 10:32:05.167	40.81	40.84	40.81	1000	False
2026-02-20 10:32:05.174	40.81	40.84	40.81	1000	False
2026-02-20 10:32:05.179	40.81	40.84	40.81	100	False
2026-02-20 10:32:05.196	40.81	40.84	40.81	300	False
2026-02-20 10:32:05.201	40.81	40.84	40.81	200	False
2026-02-20 10:32:05.206	40.81	40.84	40.81	100	False
2026-02-20 10:32:05.211	40.81	40.84	40.81	200	False
2026-02-20 10:32:05.215	40.81	40.84	40.81	200	False
2026-02-20 10:32:05.217	40.81	40.84	40.81	100	False
2026-02-20 10:32:05.232	40.81	40.84	40.83	800	True
2026-02-20 10:32:05.237	40.81	40.84	40.84	100	True
2026-02-20 10:32:12.532	40.81	40.84	40.84	200	True
2026-02-20 10:32:34.099	40.81	40.83	40.82	400	True
2026-02-20 10:32:34.468	40.82	40.83	40.82	200	False
2026-02-20 10:32:45.136	40.82	40.83	40.83	100	True
2026-02-20 10:32:51.984	40.82	40.83	40.82	100	False
2026-02-20 10:32:51.993	40.82	40.83	40.82	600	False
2026-02-20 10:32:51.993	40.82	40.83	40.82	600	False
2026-02-20 10:33:55.348	40.81	40.83	40.81	100	False
2026-02-20 10:34:22.251	40.81	40.83	40.83	500	True
2026-02-20 10:34:32.032	40.81	40.83	40.83	5300	True
2026-02-20 10:34:32.034	40.81	40.83	40.83	4700	True
2026-02-20 10:35:01.428	40.83	40.85	40.83	200	False
2026-02-20 10:35:01.431	40.83	40.85	40.83	600	False
2026-02-20 10:35:01.442	40.82	40.83	40.83	1000	True
2026-02-20 10:35:01.443	40.82	40.83	40.83	900	True
2026-02-20 10:35:02.650	40.82	40.83	40.83	200	True
2026-02-20 10:35:02.650	40.82	40.83	40.83	400	True
2026-02-20 10:35:24.211	40.82	40.83	40.83	600	True
2026-02-20 10:35:24.281	40.82	40.83	40.84	200	True
2026-02-20 10:35:39.009	40.82	40.84	40.84	100	True
2026-02-20 10:36:56.351	40.83	40.85	40.83	200	False
2026-02-20 10:36:56.351	40.83	40.85	40.83	100	False
2026-02-20 10:36:57.349	40.83	40.85	40.83	300	False
2026-02-20 10:37:04.074	40.83	40.85	40.83	100	False
2026-02-20 10:37:04.074	40.83	40.85	40.83	100	False
2026-02-20 10:37:04.076	40.83	40.85	40.83	100	False
2026-02-20 10:37:04.107	40.83	40.85	40.82	1000	False
2026-02-20 10:37:04.117	40.83	40.85	40.82	1000	False
2026-02-20 10:37:04.119	40.83	40.85	40.82	200	False
2026-02-20 10:37:04.121	40.83	40.85	40.83	500	False
2026-02-20 10:37:04.135	40.83	40.85	40.83	100	False
2026-02-20 10:37:04.147	40.83	40.85	40.83	100	False
2026-02-20 10:38:10.916	40.82	40.85	40.85	300	True
2026-02-20 10:38:33.905	40.82	40.85	40.85	6600	True
2026-02-20 10:38:33.968	40.82	40.85	40.84	500	True
2026-02-20 10:38:34.006	40.82	40.85	40.84	500	True
2026-02-20 10:38:34.038	40.82	40.85	40.84	200	True
2026-02-20 10:38:34.038	40.82	40.85	40.83	300	True
2026-02-20 10:38:34.053	40.82	40.85	40.83	100	True
2026-02-20 10:39:35.147	40.84	40.85	40.85	100	True
2026-02-20 10:39:50.937	40.84	40.85	40.85	100	True
2026-02-20 10:40:08.738	40.84	40.85	40.85	300	True
2026-02-20 10:40:08.761	40.84	40.85	40.85	3500	True
2026-02-20 10:40:10.791	40.85	40.86	40.86	100	True
2026-02-20 10:40:13.885	40.85	40.86	40.86	100	True
2026-02-20 10:40:22.033	40.85	40.86	40.86	100	True
2026-02-20 10:40:48.237	40.85	40.87	40.85	600	False
2026-02-20 10:40:48.238	40.85	40.87	40.85	300	False
2026-02-20 10:40:53.739	40.84	40.85	40.84	600	False
2026-02-20 10:40:53.822	40.84	40.85	40.83	200	False
2026-02-20 10:40:53.833	40.83	40.84	40.83	200	False
2026-02-20 10:40:53.839	40.83	40.84	40.83	800	False
2026-02-20 10:40:53.863	40.83	40.84	40.83	400	False
2026-02-20 10:40:53.991	40.83	40.84	40.82	1400	False
2026-02-20 10:41:22.138	40.82	40.83	40.82	12900	False
2026-02-20 10:41:22.139	40.82	40.83	40.82	5900	False
2026-02-20 10:41:50.151	40.81	40.82	40.82	100	True
2026-02-20 10:41:54.219	40.81	40.82	40.81	100	False
2026-02-20 10:41:54.219	40.81	40.82	40.81	400	False
2026-02-20 10:41:54.733	40.8	40.81	40.8	100	False
2026-02-20 10:42:03.837	40.8	40.81	40.81	200	True
2026-02-20 10:42:11.497	40.8	40.82	40.8	100	False
2026-02-20 10:42:46.801	40.8	40.82	40.8	200	False
2026-02-20 10:42:46.801	40.8	40.82	40.8	300	False
2026-02-20 10:43:36.426	40.8	40.81	40.8	600	False
2026-02-20 10:43:36.427	40.8	40.81	40.8	100	False
2026-02-20 10:43:37.082	40.8	40.82	40.82	200	True
2026-02-20 10:43:47.715	40.8	40.81	40.8	100	False
2026-02-20 10:43:55.044	40.79	40.82	40.79	100	False
2026-02-20 10:44:00.473	40.8	40.82	40.8	100	False
2026-02-20 10:44:01.723	40.79	40.81	40.79	200	False
2026-02-20 10:44:01.734	40.79	40.81	40.79	800	False
2026-02-20 10:44:01.745	40.79	40.81	40.79	200	False
2026-02-20 10:44:01.746	40.79	40.81	40.79	200	False
2026-02-20 10:44:01.752	40.79	40.81	40.79	200	False
2026-02-20 10:44:01.756	40.79	40.81	40.79	200	False
2026-02-20 10:44:01.763	40.79	40.81	40.78	3300	False
2026-02-20 10:44:01.763	40.79	40.81	40.78	800	False
2026-02-20 10:44:01.767	40.79	40.81	40.79	100	False
2026-02-20 10:44:01.776	40.79	40.81	40.79	800	False
2026-02-20 10:44:01.798	40.79	40.81	40.79	400	False
2026-02-20 10:44:01.812	40.79	40.81	40.79	300	False
2026-02-20 10:44:01.815	40.78	40.79	40.78	1200	False
2026-02-20 10:44:01.817	40.78	40.79	40.79	100	True
2026-02-20 10:44:01.832	40.78	40.79	40.79	1800	True
2026-02-20 10:44:01.849	40.78	40.79	40.78	500	False
2026-02-20 10:44:01.849	40.78	40.79	40.78	100	False
2026-02-20 10:44:01.849	40.78	40.79	40.77	4600	False
2026-02-20 10:44:01.863	40.78	40.79	40.76	700	False
2026-02-20 10:44:02.151	40.78	40.79	40.8	2000	True
2026-02-20 10:44:16.690	40.79	40.81	40.79	200	False
2026-02-20 10:44:16.691	40.79	40.81	40.79	300	False
2026-02-20 10:44:22.138	40.78	40.8	40.78	1000	False
2026-02-20 10:44:22.139	40.78	40.8	40.78	500	False
2026-02-20 10:44:22.612	40.78	40.8	40.79	100	True
2026-02-20 10:44:22.690	40.78	40.8	40.79	100	True
2026-02-20 10:44:22.767	40.78	40.8	40.79	100	True
2026-02-20 10:44:22.823	40.78	40.8	40.79	500	True
2026-02-20 10:44:22.825	40.78	40.8	40.8	1700	True
2026-02-20 10:44:22.827	40.78	40.8	40.81	2000	True
2026-02-20 10:44:22.834	40.78	40.8	40.81	300	True
2026-02-20 10:44:32.221	40.8	40.81	40.81	100	True
2026-02-20 10:44:37.723	40.8	40.81	40.81	100	True
2026-02-20 10:44:42.021	40.81	40.82	40.82	1800	True
2026-02-20 10:44:42.037	40.81	40.82	40.82	100	True
2026-02-20 10:44:42.041	40.81	40.82	40.82	100	True
2026-02-20 10:45:00.534	40.82	40.83	40.82	500	False
2026-02-20 10:45:00.534	40.82	40.83	40.82	1600	False
2026-02-20 10:45:00.539	40.82	40.83	40.82	100	False
2026-02-20 10:45:00.550	40.82	40.83	40.82	300	False
2026-02-20 10:45:01.364	40.82	40.83	40.82	1500	False
2026-02-20 10:45:02.772	40.81	40.82	40.81	500	False
2026-02-20 10:45:02.807	40.81	40.82	40.81	500	False
2026-02-20 10:45:02.826	40.81	40.82	40.81	200	False
2026-02-20 10:45:02.865	40.81	40.82	40.81	500	False
2026-02-20 10:45:02.908	40.81	40.82	40.81	500	False
2026-02-20 10:45:02.948	40.81	40.82	40.81	200	False
2026-02-20 10:45:22.138	40.81	40.83	40.81	1500	False
2026-02-20 10:45:31.180	40.81	40.82	40.82	800	True
2026-02-20 10:45:40.784	40.8	40.82	40.8	100	False
2026-02-20 10:45:40.787	40.8	40.82	40.8	1400	False
2026-02-20 10:45:40.799	40.8	40.82	40.8	100	False
2026-02-20 10:45:40.801	40.8	40.82	40.8	1000	False
2026-02-20 10:45:40.823	40.8	40.82	40.8	100	False
2026-02-20 10:45:42.971	40.8	40.81	40.81	100	True
2026-02-20 10:45:47.456	40.8	40.82	40.8	2400	False
2026-02-20 10:45:47.456	40.8	40.82	40.79	200	False
2026-02-20 10:45:47.538	40.78	40.8	40.8	1200	True
2026-02-20 10:45:47.538	40.78	40.8	40.8	100	True
2026-02-20 10:45:48.733	40.78	40.8	40.8	300	True
2026-02-20 10:45:48.735	40.78	40.8	40.8	6600	True
2026-02-20 10:46:17.839	40.81	40.83	40.81	1100	False
2026-02-20 10:46:17.864	40.81	40.83	40.81	100	False
2026-02-20 10:46:17.870	40.81	40.83	40.81	100	False
2026-02-20 10:46:17.874	40.81	40.83	40.81	900	False
2026-02-20 10:46:17.885	40.81	40.83	40.81	100	False
2026-02-20 10:46:35.947	40.81	40.83	40.81	500	False
2026-02-20 10:46:35.974	40.81	40.83	40.81	500	False
2026-02-20 10:46:35.981	40.81	40.83	40.81	100	False
2026-02-20 10:46:35.995	40.81	40.83	40.81	400	False
2026-02-20 10:46:36.008	40.81	40.83	40.81	100	False
2026-02-20 10:46:36.047	40.81	40.83	40.81	100	False
2026-02-20 10:46:36.093	40.81	40.83	40.81	100	False
2026-02-20 10:46:36.970	40.8	40.83	40.81	100	True
2026-02-20 10:47:00.855	40.81	40.83	40.81	200	False
2026-02-20 10:47:00.857	40.81	40.83	40.81	1000	False
2026-02-20 10:47:00.859	40.81	40.83	40.81	200	False
2026-02-20 10:47:00.886	40.81	40.83	40.83	100	True
2026-02-20 10:47:03.313	40.81	40.83	40.81	100	False
2026-02-20 10:47:03.319	40.81	40.83	40.81	1700	False
2026-02-20 10:47:18.054	40.81	40.83	40.81	200	False
2026-02-20 10:47:21.797	40.79	40.82	40.79	1000	False
2026-02-20 10:47:21.801	40.79	40.82	40.79	1000	False
2026-02-20 10:47:21.802	40.79	40.82	40.79	1800	False
2026-02-20 10:47:21.829	40.79	40.82	40.79	200	False
2026-02-20 10:47:21.829	40.79	40.82	40.79	200	False
2026-02-20 10:47:21.852	40.79	40.82	40.79	1200	False
2026-02-20 10:47:21.866	40.79	40.82	40.79	1600	False
2026-02-20 10:47:22.138	40.79	40.81	40.79	200	False
2026-02-20 10:47:22.433	40.78	40.79	40.79	400	True
2026-02-20 10:47:30.477	40.78	40.79	40.78	1000	False
2026-02-20 10:47:30.480	40.78	40.79	40.78	1300	False
2026-02-20 10:47:35.865	40.78	40.79	40.79	1200	True
2026-02-20 10:47:36.191	40.78	40.79	40.79	200	True
2026-02-20 10:47:38.966	40.78	40.8	40.8	100	True
2026-02-20 10:47:49.834	40.79	40.81	40.81	100	True
2026-02-20 10:47:52.914	40.78	40.8	40.8	200	True
2026-02-20 10:48:09.495	40.79	40.8	40.79	900	False
2026-02-20 10:48:09.497	40.79	40.8	40.79	1100	False
2026-02-20 10:48:29.961	40.79	40.8	40.8	100	True
2026-02-20 10:48:31.460	40.79	40.8	40.8	9700	True
2026-02-20 10:49:01.275	40.79	40.82	40.79	1000	False
2026-02-20 10:49:01.279	40.79	40.82	40.79	1000	False
2026-02-20 10:49:01.283	40.79	40.82	40.79	2000	False
2026-02-20 10:49:01.294	40.79	40.82	40.79	800	False
2026-02-20 10:49:01.310	40.79	40.82	40.79	300	False
2026-02-20 10:49:01.332	40.79	40.82	40.79	400	False
2026-02-20 10:49:01.334	40.79	40.82	40.79	800	False
2026-02-20 10:49:01.347	40.79	40.82	40.79	400	False
2026-02-20 10:49:01.350	40.79	40.82	40.79	300	False
2026-02-20 10:49:01.356	40.79	40.82	40.79	300	False
2026-02-20 10:49:28.729	40.8	40.82	40.82	100	True
2026-02-20 10:49:29.503	40.8	40.82	40.8	900	False
2026-02-20 10:49:29.506	40.8	40.82	40.8	100	False
2026-02-20 10:49:29.512	40.8	40.82	40.79	100	False
2026-02-20 10:49:29.514	40.8	40.82	40.79	2000	False
2026-02-20 10:49:29.618	40.8	40.82	40.79	100	False
2026-02-20 10:49:30.120	40.78	40.79	40.79	100	True
2026-02-20 10:49:35.505	40.78	40.79	40.78	100	False
2026-02-20 10:49:47.853	40.78	40.79	40.79	300	True
2026-02-20 10:49:52.138	40.79	40.8	40.79	1700	False
2026-02-20 10:49:57.237	40.79	40.8	40.8	1000	True
2026-02-20 10:49:57.237	40.79	40.8	40.8	200	True
2026-02-20 10:50:27.232	40.8	40.83	40.83	100	True
2026-02-20 10:50:33.155	40.8	40.83	40.83	200	True
2026-02-20 10:50:43.096	40.8	40.83	40.8	1000	False
2026-02-20 10:50:48.640	40.8	40.83	40.8	1000	False
2026-02-20 10:50:48.642	40.8	40.83	40.8	2000	False
2026-02-20 10:50:48.656	40.8	40.83	40.8	100	False
2026-02-20 10:50:48.661	40.8	40.83	40.8	200	False
2026-02-20 10:50:48.666	40.8	40.83	40.8	1000	False
2026-02-20 10:50:48.668	40.8	40.83	40.8	200	False
2026-02-20 10:50:48.677	40.8	40.83	40.8	500	False
2026-02-20 10:51:30.825	40.8	40.83	40.83	200	True
2026-02-20 10:51:45.160	40.8	40.83	40.83	100	True
2026-02-20 10:51:55.265	40.81	40.83	40.83	100	True
2026-02-20 10:52:18.044	40.81	40.84	40.84	100	True
2026-02-20 10:52:23.652	40.81	40.84	40.81	100	False
2026-02-20 10:52:23.666	40.81	40.84	40.81	100	False
2026-02-20 10:52:23.684	40.81	40.84	40.81	100	False
2026-02-20 10:52:23.685	40.81	40.84	40.81	400	False
2026-02-20 10:52:23.688	40.81	40.84	40.81	200	False
2026-02-20 10:52:37.882	40.81	40.84	40.83	100	True
2026-02-20 10:52:37.971	40.81	40.84	40.83	100	True
2026-02-20 10:52:38.053	40.81	40.84	40.83	100	True
2026-02-20 10:52:38.193	40.81	40.83	40.83	100	True
2026-02-20 10:52:51.283	40.81	40.84	40.84	200	True
2026-02-20 10:52:52.137	40.81	40.84	40.81	1100	False
2026-02-20 10:53:09.246	40.82	40.84	40.84	100	True
2026-02-20 10:53:09.368	40.82	40.84	40.84	700	True
2026-02-20 10:53:09.369	40.82	40.84	40.84	4400	True
2026-02-20 10:53:11.571	40.83	40.85	40.85	1200	True
2026-02-20 10:53:17.537	40.84	40.87	40.87	100	True
2026-02-20 10:53:25.064	40.84	40.87	40.87	800	True
2026-02-20 10:53:26.076	40.84	40.87	40.87	100	True
2026-02-20 10:53:56.003	40.84	40.87	40.87	300	True
2026-02-20 10:53:57.946	40.84	40.87	40.87	200	True
2026-02-20 10:54:11.025	40.85	40.87	40.86	100	True
2026-02-20 10:54:11.164	40.85	40.87	40.87	900	True
2026-02-20 10:54:11.164	40.85	40.87	40.87	23100	True
2026-02-20 10:54:11.166	40.85	40.87	40.88	100	True
2026-02-20 10:54:27.099	40.87	40.89	40.89	100	True
2026-02-20 10:54:27.175	40.87	40.89	40.89	1100	True
2026-02-20 10:54:38.803	40.9	40.93	40.93	100	True
2026-02-20 10:54:38.902	40.9	40.93	40.93	100	True
2026-02-20 10:54:38.945	40.9	40.93	40.93	100	True
2026-02-20 10:54:39.028	40.9	40.93	40.93	100	True
2026-02-20 10:54:39.067	40.9	40.93	40.93	100	True
2026-02-20 10:54:39.157	40.9	40.93	40.93	100	True
2026-02-20 10:54:39.236	40.9	40.93	40.93	100	True
2026-02-20 10:54:39.297	40.9	40.93	40.93	100	True
2026-02-20 10:54:39.401	40.9	40.93	40.92	100	True
2026-02-20 10:54:39.752	40.9	40.92	40.9	1100	False
2026-02-20 10:54:39.766	40.9	40.92	40.89	10300	False
2026-02-20 10:54:39.777	40.9	40.92	40.88	200	False
2026-02-20 10:54:43.862	40.87	40.89	40.89	1800	True
2026-02-20 10:54:43.862	40.87	40.89	40.89	900	True
2026-02-20 10:55:30.190	40.9	40.93	40.93	200	True
2026-02-20 10:55:47.818	40.91	40.94	40.91	600	False
2026-02-20 10:55:47.827	40.91	40.94	40.91	200	False
2026-02-20 10:55:47.840	40.91	40.94	40.91	500	False
2026-02-20 10:55:47.858	40.91	40.94	40.91	100	False
2026-02-20 10:55:48.124	40.91	40.94	40.9	1500	False
2026-02-20 10:56:08.107	40.88	40.9	40.9	700	True
2026-02-20 10:56:15.210	40.88	40.9	40.89	1100	True
2026-02-20 10:56:17.823	40.89	40.9	40.89	500	False
2026-02-20 10:56:17.823	40.89	40.9	40.89	300	False
2026-02-20 10:56:23.369	40.89	40.9	40.89	200	False
2026-02-20 10:56:23.428	40.89	40.9	40.88	1000	False
2026-02-20 10:56:23.433	40.89	40.9	40.88	1000	False
2026-02-20 10:56:23.453	40.88	40.89	40.88	500	False
2026-02-20 10:56:23.453	40.88	40.89	40.88	300	False
2026-02-20 10:56:23.454	40.88	40.89	40.88	100	False
2026-02-20 10:56:23.480	40.88	40.89	40.88	300	False
2026-02-20 10:56:23.482	40.88	40.89	40.88	100	False
2026-02-20 10:56:23.537	40.88	40.89	40.89	100	True
2026-02-20 10:56:24.423	40.88	40.89	40.88	300	False
2026-02-20 10:56:31.904	40.88	40.89	40.88	200	False
2026-02-20 10:56:36.870	40.88	40.89	40.89	100	True
2026-02-20 10:56:38.129	40.88	40.89	40.88	1100	False
2026-02-20 10:56:47.126	40.88	40.89	40.89	100	True
2026-02-20 10:57:02.899	40.88	40.89	40.88	100	False
2026-02-20 10:57:11.908	40.88	40.89	40.88	1100	False
2026-02-20 10:57:21.397	40.88	40.89	40.89	200	True
2026-02-20 10:57:31.469	40.88	40.89	40.88	200	False
2026-02-20 10:57:46.071	40.88	40.89	40.88	1400	False
2026-02-20 10:57:50.344	40.88	40.89	40.88	100	False
2026-02-20 10:57:56.401	40.88	40.89	40.89	100	True
2026-02-20 10:58:00.157	40.88	40.89	40.88	1000	False
2026-02-20 10:58:00.165	40.88	40.89	40.88	200	False
2026-02-20 10:58:00.166	40.88	40.89	40.88	200	False
2026-02-20 10:58:00.167	40.88	40.89	40.88	1000	False
2026-02-20 10:58:00.173	40.88	40.89	40.88	1700	False
2026-02-20 10:58:00.188	40.88	40.89	40.88	200	False
2026-02-20 10:58:00.209	40.88	40.89	40.86	1900	False
2026-02-20 10:58:00.221	40.88	40.89	40.86	200	False
2026-02-20 10:58:14.150	40.85	40.87	40.87	3000	True
2026-02-20 10:58:19.230	40.86	40.88	40.88	1100	True
2026-02-20 10:58:22.138	40.86	40.88	40.86	900	False
2026-02-20 10:58:22.139	40.86	40.88	40.86	1100	False
2026-02-20 10:58:27.405	40.86	40.88	40.88	100	True
2026-02-20 10:58:36.104	40.86	40.88	40.88	200	True
2026-02-20 10:58:48.037	40.86	40.88	40.88	100	True
2026-02-20 10:58:51.803	40.86	40.88	40.88	1000	True
2026-02-20 10:58:55.424	40.86	40.88	40.88	100	True
2026-02-20 10:58:59.933	40.86	40.88	40.87	100	True
2026-02-20 10:59:06.632	40.86	40.88	40.88	700	True
2026-02-20 10:59:11.576	40.86	40.88	40.88	900	True
2026-02-20 10:59:13.569	40.87	40.89	40.87	100	False
2026-02-20 10:59:19.571	40.87	40.89	40.89	100	True
2026-02-20 10:59:52.306	40.86	40.89	40.89	200	True
2026-02-20 10:59:54.350	40.86	40.89	40.86	200	False
2026-02-20 10:59:54.352	40.86	40.89	40.86	1000	False
2026-02-20 10:59:54.364	40.86	40.89	40.86	800	False
2026-02-20 10:59:54.371	40.86	40.89	40.86	1000	False
2026-02-20 10:59:54.376	40.86	40.89	40.86	100	False
2026-02-20 10:59:54.397	40.86	40.89	40.86	900	False
2026-02-20 11:00:05.020	40.86	40.87	40.87	900	True
2026-02-20 11:00:07.459	40.86	40.88	40.88	900	True
2026-02-20 11:00:21.578	40.86	40.89	40.89	700	True
2026-02-20 11:00:27.703	40.86	40.89	40.89	100	True
2026-02-20 11:00:28.693	40.86	40.89	40.88	200	True
2026-02-20 11:00:49.510	40.86	40.89	40.89	100	True
2026-02-20 11:00:58.755	40.86	40.88	40.88	2200	True
2026-02-20 11:01:17.167	40.87	40.89	40.87	400	False
2026-02-20 11:01:18.170	40.87	40.89	40.87	200	False
2026-02-20 11:01:25.436	40.87	40.89	40.89	100	True
2026-02-20 11:01:27.127	40.87	40.89	40.88	100	True
2026-02-20 11:01:30.786	40.87	40.89	40.89	800	True
2026-02-20 11:02:01.609	40.89	40.91	40.89	600	False
2026-02-20 11:02:01.614	40.89	40.91	40.89	100	False
2026-02-20 11:02:06.629	40.88	40.9	40.88	100	False
2026-02-20 11:02:06.633	40.88	40.9	40.88	100	False
2026-02-20 11:02:17.204	40.88	40.89	40.88	200	False
2026-02-20 11:02:22.137	40.88	40.89	40.88	500	False
2026-02-20 11:02:22.137	40.88	40.89	40.88	700	False
2026-02-20 11:02:42.551	40.87	40.88	40.88	100	True
2026-02-20 11:02:48.001	40.87	40.88	40.88	100	True
2026-02-20 11:02:48.054	40.87	40.88	40.87	100	False
2026-02-20 11:02:52.137	40.87	40.88	40.87	400	False
2026-02-20 11:03:00.296	40.87	40.88	40.87	600	False
2026-02-20 11:03:00.300	40.87	40.88	40.87	400	False
2026-02-20 11:03:00.300	40.87	40.88	40.86	1600	False
2026-02-20 11:03:00.341	40.87	40.88	40.87	200	False
2026-02-20 11:03:02.858	40.87	40.88	40.87	500	False
2026-02-20 11:03:02.864	40.87	40.88	40.87	300	False
2026-02-20 11:03:02.873	40.87	40.88	40.87	200	False
2026-02-20 11:03:12.990	40.86	40.88	40.86	100	False
2026-02-20 11:03:22.138	40.86	40.89	40.86	1600	False
2026-02-20 11:03:27.741	40.86	40.89	40.89	100	True
2026-02-20 11:03:34.030	40.86	40.89	40.89	700	True
2026-02-20 11:03:49.060	40.87	40.89	40.89	700	True
2026-02-20 11:03:56.464	40.87	40.89	40.89	100	True
2026-02-20 11:04:06.010	40.87	40.88	40.88	100	True
2026-02-20 11:04:21.414	40.87	40.89	40.89	100	True
2026-02-20 11:04:47.546	40.87	40.9	40.9	200	True
2026-02-20 11:04:53.431	40.89	40.91	40.9	100	True
2026-02-20 11:04:53.436	40.89	40.91	40.9	300	True
2026-02-20 11:05:09.275	40.87	40.89	40.89	200	True
2026-02-20 11:05:15.181	40.87	40.88	40.88	100	True
2026-02-20 11:05:19.287	40.87	40.89	40.87	1000	False
2026-02-20 11:05:19.302	40.87	40.89	40.87	200	False
2026-02-20 11:05:19.316	40.87	40.89	40.86	2000	False
2026-02-20 11:05:19.393	40.85	40.87	40.87	600	True
2026-02-20 11:05:19.395	40.85	40.87	40.87	1700	True
2026-02-20 11:05:35.493	40.86	40.88	40.88	100	True
2026-02-20 11:05:35.493	40.86	40.88	40.89	600	True
2026-02-20 11:05:51.356	40.87	40.9	40.9	700	True
2026-02-20 11:05:51.362	40.87	40.9	40.9	200	True
2026-02-20 11:06:01.308	40.87	40.9	40.88	200	True
2026-02-20 11:06:01.308	40.87	40.9	40.88	200	True
2026-02-20 11:06:04.363	40.87	40.88	40.87	200	False
2026-02-20 11:06:04.363	40.87	40.88	40.87	100	False
2026-02-20 11:06:04.371	40.87	40.88	40.87	400	False
2026-02-20 11:06:05.448	40.86	40.88	40.86	2200	False
2026-02-20 11:06:07.206	40.86	40.88	40.86	400	False
2026-02-20 11:06:22.138	40.85	40.88	40.85	1400	False
2026-02-20 11:06:29.721	40.85	40.88	40.88	100	True
2026-02-20 11:06:39.035	40.85	40.88	40.88	800	True
2026-02-20 11:07:20.535	40.86	40.87	40.87	100	True
2026-02-20 11:07:20.540	40.86	40.87	40.87	100	True
2026-02-20 11:07:32.057	40.86	40.87	40.87	300	True
2026-02-20 11:07:48.461	40.86	40.87	40.87	100	True
2026-02-20 11:07:48.468	40.86	40.87	40.88	100	True
2026-02-20 11:08:06.981	40.86	40.88	40.86	500	False
2026-02-20 11:08:06.983	40.86	40.88	40.86	100	False
2026-02-20 11:08:08.715	40.85	40.87	40.87	500	True
2026-02-20 11:08:22.283	40.85	40.88	40.88	2900	True
2026-02-20 11:08:22.308	40.85	40.88	40.89	1300	True
2026-02-20 11:08:22.385	40.85	40.88	40.9	2000	True
2026-02-20 11:08:24.418	40.89	40.91	40.91	100	True
2026-02-20 11:08:24.447	40.89	40.91	40.91	900	True
2026-02-20 11:08:29.676	40.89	40.91	40.91	2000	True
2026-02-20 11:08:29.688	40.89	40.91	40.91	400	True
2026-02-20 11:08:29.717	40.89	40.91	40.91	500	True
2026-02-20 11:08:29.741	40.89	40.91	40.91	400	True
2026-02-20 11:08:29.761	40.91	40.92	40.91	400	False
2026-02-20 11:08:29.761	40.91	40.92	40.91	100	False
2026-02-20 11:08:38.637	40.89	40.91	40.91	700	True
2026-02-20 11:08:49.592	40.89	40.91	40.91	100	True
2026-02-20 11:08:53.408	40.89	40.91	40.91	700	True
2026-02-20 11:08:58.118	40.89	40.91	40.89	200	False
2026-02-20 11:08:58.122	40.89	40.91	40.89	200	False
2026-02-20 11:08:58.142	40.89	40.91	40.89	600	False
2026-02-20 11:08:58.151	40.89	40.91	40.89	400	False
2026-02-20 11:09:21.034	40.89	40.91	40.89	800	False
2026-02-20 11:09:21.059	40.89	40.91	40.89	100	False
2026-02-20 11:09:21.064	40.89	40.91	40.89	300	False
2026-02-20 11:09:21.067	40.89	40.91	40.89	400	False
2026-02-20 11:09:29.662	40.88	40.91	40.88	100	False
2026-02-20 11:09:32.364	40.88	40.91	40.88	800	False
2026-02-20 11:09:32.463	40.88	40.9	40.89	100	True
2026-02-20 11:09:36.143	40.88	40.89	40.89	700	True
2026-02-20 11:09:43.960	40.88	40.9	40.88	900	False
2026-02-20 11:09:53.880	40.89	40.91	40.91	1500	True
2026-02-20 11:09:58.127	40.9	40.91	40.91	100	True
2026-02-20 11:09:59.939	40.9	40.91	40.9	400	False
2026-02-20 11:10:01.216	40.88	40.89	40.88	900	False
2026-02-20 11:10:05.008	40.87	40.88	40.88	2800	True
2026-02-20 11:10:05.009	40.87	40.88	40.88	100	True
2026-02-20 11:10:05.325	40.87	40.89	40.89	1800	True
2026-02-20 11:10:07.167	40.89	40.9	40.89	1800	False
2026-02-20 11:10:07.167	40.89	40.9	40.89	500	False
2026-02-20 11:10:07.167	40.89	40.9	40.89	100	False
2026-02-20 11:10:13.355	40.89	40.9	40.89	400	False
2026-02-20 11:10:16.726	40.89	40.9	40.89	800	False
2026-02-20 11:10:16.735	40.89	40.9	40.89	300	False
2026-02-20 11:10:16.735	40.89	40.9	40.89	200	False
2026-02-20 11:10:22.137	40.87	40.89	40.87	1500	False
2026-02-20 11:10:28.526	40.87	40.89	40.89	100	True
2026-02-20 11:10:37.397	40.87	40.89	40.89	700	True
2026-02-20 11:10:39.783	40.87	40.89	40.87	600	False
2026-02-20 11:10:50.628	40.87	40.89	40.89	100	True
2026-02-20 11:10:53.247	40.87	40.89	40.89	700	True
2026-02-20 11:10:54.268	40.87	40.89	40.89	600	True
2026-02-20 11:11:10.225	40.88	40.9	40.9	100	True
2026-02-20 11:11:10.424	40.88	40.9	40.9	100	True
2026-02-20 11:11:10.424	40.88	40.9	40.91	600	True
2026-02-20 11:11:11.128	40.89	40.91	40.9	100	True
2026-02-20 11:11:15.216	40.89	40.9	40.92	2500	True
2026-02-20 11:11:17.125	40.89	40.92	40.9	100	True
2026-02-20 11:11:18.497	40.89	40.9	40.9	100	True
2026-02-20 11:11:29.439	40.89	40.91	40.91	100	True
2026-02-20 11:11:29.439	40.89	40.91	40.92	600	True
2026-02-20 11:11:49.019	40.89	40.91	40.91	100	True
2026-02-20 11:11:49.019	40.89	40.91	40.92	100	True
2026-02-20 11:12:04.329	40.9	40.92	40.92	100	True
2026-02-20 11:12:08.529	40.9	40.92	40.91	100	True
2026-02-20 11:12:19.661	40.9	40.92	40.92	4000	True
2026-02-20 11:12:30.015	40.9	40.92	40.9	300	False
2026-02-20 11:12:30.018	40.9	40.92	40.9	400	False
2026-02-20 11:12:30.031	40.9	40.92	40.9	300	False
2026-02-20 11:12:30.046	40.9	40.92	40.9	300	False
2026-02-20 11:12:35.060	40.9	40.92	40.9	900	False
2026-02-20 11:12:35.060	40.9	40.92	40.9	100	False
2026-02-20 11:12:35.064	40.9	40.92	40.9	100	False
2026-02-20 11:12:35.108	40.89	40.9	40.9	500	True
2026-02-20 11:12:35.162	40.89	40.9	40.89	600	False
2026-02-20 11:12:35.192	40.89	40.9	40.89	1400	False
2026-02-20 11:12:56.498	40.88	40.9	40.9	4600	True
2026-02-20 11:12:59.969	40.9	40.93	40.93	700	True
2026-02-20 11:12:59.975	40.9	40.93	40.93	100	True
2026-02-20 11:12:59.975	40.9	40.93	40.94	100	True
2026-02-20 11:12:59.975	40.9	40.93	40.94	4500	True
2026-02-20 11:13:14.729	40.92	40.95	40.93	2300	True
2026-02-20 11:13:23.188	40.93	40.94	40.94	100	True
2026-02-20 11:13:23.188	40.93	40.94	40.95	3600	True
2026-02-20 11:13:23.735	40.93	40.96	40.94	100	True
2026-02-20 11:13:28.339	40.94	40.96	40.95	100	True
2026-02-20 11:13:28.345	40.94	40.96	40.95	700	True
2026-02-20 11:13:29.090	40.94	40.95	40.95	100	True
2026-02-20 11:13:42.602	40.94	40.95	40.95	100	True
2026-02-20 11:13:43.370	40.94	40.95	40.95	100	True
2026-02-20 11:13:44.381	40.94	40.96	40.94	100	False
2026-02-20 11:13:44.385	40.94	40.96	40.94	700	False
2026-02-20 11:13:44.425	40.93	40.94	40.94	500	True
2026-02-20 11:13:44.531	40.93	40.94	40.93	200	False
2026-02-20 11:13:44.544	40.93	40.94	40.93	400	False
2026-02-20 11:13:44.583	40.93	40.94	40.93	100	False
2026-02-20 11:13:44.670	40.93	40.94	40.94	4400	True
2026-02-20 11:13:48.607	40.92	40.94	40.92	200	False
2026-02-20 11:13:59.099	40.92	40.94	40.94	1400	True
2026-02-20 11:13:59.105	40.92	40.94	40.95	2400	True
2026-02-20 11:13:59.125	40.92	40.94	40.93	1800	True
2026-02-20 11:13:59.125	40.92	40.94	40.92	2400	False
2026-02-20 11:13:59.131	40.92	40.94	40.94	100	True
2026-02-20 11:14:17.309	40.91	40.94	40.94	800	True
2026-02-20 11:14:18.155	40.91	40.94	40.93	500	True
2026-02-20 11:14:34.987	40.91	40.94	40.94	1300	True
2026-02-20 11:14:35.010	40.91	40.94	40.94	100	True
2026-02-20 11:14:46.291	40.92	40.94	40.94	4200	True
2026-02-20 11:14:46.297	40.92	40.94	40.94	900	True
2026-02-20 11:14:46.308	40.92	40.94	40.95	500	True
2026-02-20 11:14:46.310	40.92	40.94	40.96	1000	True
2026-02-20 11:14:46.331	40.92	40.94	40.94	500	True
2026-02-20 11:14:46.337	40.92	40.94	40.94	500	True
2026-02-20 11:14:46.338	40.92	40.94	40.97	100	True
2026-02-20 11:14:46.349	40.94	40.97	40.97	200	True
2026-02-20 11:14:46.354	40.94	40.97	40.95	500	True
2026-02-20 11:14:46.358	40.94	40.97	40.97	300	True
2026-02-20 11:14:46.374	40.94	40.97	40.98	100	True
2026-02-20 11:14:46.379	40.94	40.97	40.95	100	True
2026-02-20 11:14:46.397	40.94	40.97	40.98	100	True
2026-02-20 11:15:04.495	40.98	41.0	41.0	500	True
2026-02-20 11:15:24.684	40.98	41.0	40.99	200	True
2026-02-20 11:15:40.186	40.99	41.0	41.0	100	True
2026-02-20 11:15:40.903	40.99	41.0	40.99	1100	False
2026-02-20 11:15:42.613	40.98	40.99	40.98	1600	False
2026-02-20 11:15:42.862	40.96	40.98	40.95	400	False
2026-02-20 11:15:45.978	40.93	40.96	40.94	100	True
2026-02-20 11:15:45.979	40.93	40.96	40.94	100	True
2026-02-20 11:15:47.111	40.93	40.95	40.94	100	True
2026-02-20 11:15:48.335	40.93	40.95	40.94	100	True
2026-02-20 11:15:48.335	40.93	40.95	40.95	800	True
2026-02-20 11:15:48.530	40.93	40.95	40.95	300	True
2026-02-20 11:16:11.765	40.95	40.97	40.95	100	False
2026-02-20 11:16:43.280	40.94	40.97	40.94	100	False
2026-02-20 11:16:43.280	40.94	40.97	40.94	2300	False
2026-02-20 11:16:54.293	40.92	40.95	40.95	500	True
2026-02-20 11:16:55.004	40.92	40.95	40.95	900	True
2026-02-20 11:16:56.255	40.94	40.96	40.96	300	True
2026-02-20 11:17:30.193	40.95	40.97	40.97	100	True
2026-02-20 11:17:30.193	40.95	40.97	40.97	100	True
2026-02-20 11:17:30.193	40.95	40.97	40.98	3700	True
2026-02-20 11:17:30.193	40.95	40.97	40.99	700	True
2026-02-20 11:17:30.219	40.95	40.97	40.98	500	True
2026-02-20 11:17:42.168	40.95	40.98	40.98	200	True
2026-02-20 11:18:06.618	40.96	40.98	40.97	100	True
2026-02-20 11:18:06.780	40.96	40.98	40.97	100	True
2026-02-20 11:18:15.958	40.96	40.97	40.96	600	False
2026-02-20 11:18:15.984	40.96	40.97	40.96	100	False
2026-02-20 11:18:16.019	40.95	40.97	40.95	600	False
2026-02-20 11:18:23.829	40.93	40.96	40.96	100	True
2026-02-20 11:18:42.702	40.93	40.96	40.95	300	True
2026-02-20 11:18:42.958	40.93	40.95	40.95	800	True
2026-02-20 11:18:51.049	40.93	40.95	40.95	1000	True
2026-02-20 11:18:56.579	40.93	40.96	40.93	100	False
2026-02-20 11:18:56.579	40.93	40.96	40.92	100	False
2026-02-20 11:18:56.582	40.93	40.96	40.92	2800	False
2026-02-20 11:19:20.033	40.9	40.92	40.92	1600	True
2026-02-20 11:19:20.040	40.9	40.92	40.92	100	True
2026-02-20 11:19:43.646	40.91	40.93	40.91	500	False
2026-02-20 11:19:44.995	40.88	40.91	40.91	300	True
2026-02-20 11:19:45.061	40.88	40.91	40.93	1700	True
2026-02-20 11:20:12.439	40.9	40.93	40.93	100	True
2026-02-20 11:20:12.439	40.9	40.93	40.93	500	True
2026-02-20 11:20:12.445	40.9	40.93	40.93	500	True
2026-02-20 11:20:12.451	40.9	40.93	40.93	1500	True
2026-02-20 11:20:12.455	40.9	40.93	40.93	100	True
2026-02-20 11:20:27.681	40.94	40.96	40.95	100	True
2026-02-20 11:20:27.846	40.94	40.96	40.95	100	True
2026-02-20 11:20:32.106	40.94	40.97	40.97	100	True
2026-02-20 11:20:39.557	40.93	40.96	40.93	500	False
2026-02-20 11:20:48.577	40.9	40.93	40.93	600	True
2026-02-20 11:20:48.604	40.91	40.94	40.94	2200	True
2026-02-20 11:22:04.466	40.93	40.94	40.94	900	True
2026-02-20 11:22:04.970	40.93	40.95	40.93	300	False
2026-02-20 11:22:08.218	40.93	40.95	40.93	500	False
2026-02-20 11:22:08.225	40.93	40.95	40.93	100	False
2026-02-20 11:22:24.326	40.9	40.93	40.92	100	True
2026-02-20 11:22:24.327	40.9	40.93	40.93	2200	True
2026-02-20 11:22:37.077	40.92	40.95	40.92	100	False
2026-02-20 11:22:51.063	40.93	40.95	40.94	100	True
2026-02-20 11:22:51.071	40.93	40.95	40.94	100	True
2026-02-20 11:22:51.226	40.93	40.95	40.94	100	True
2026-02-20 11:23:36.348	40.93	40.95	40.93	7000	False
2026-02-20 11:23:36.354	40.93	40.95	40.93	100	False
2026-02-20 11:23:37.363	40.92	40.94	40.92	100	False
2026-02-20 11:23:37.363	40.92	40.94	40.91	100	False
2026-02-20 11:23:45.433	40.91	40.93	40.93	100	True
2026-02-20 11:23:49.193	40.92	40.95	40.95	100	True
2026-02-20 11:24:32.875	40.92	40.94	40.92	200	False
2026-02-20 11:24:32.886	40.92	40.94	40.92	100	False
2026-02-20 11:24:33.298	40.91	40.94	40.93	500	True
2026-02-20 11:24:35.511	40.92	40.94	40.92	200	False
2026-02-20 11:24:46.747	40.92	40.94	40.92	500	False
2026-02-20 11:24:47.714	40.9	40.92	40.92	300	True
2026-02-20 11:24:47.780	40.9	40.92	40.94	500	True
2026-02-20 11:25:00.125	40.91	40.94	40.95	9100	True
2026-02-20 11:25:00.125	40.91	40.94	40.95	4900	True
2026-02-20 11:25:00.128	40.91	40.94	40.95	100	True
2026-02-20 11:25:09.658	40.94	40.97	40.94	1700	False
2026-02-20 11:25:09.673	40.94	40.97	40.93	1600	False
2026-02-20 11:25:09.698	40.94	40.97	40.93	100	False
2026-02-20 11:25:09.698	40.94	40.97	40.92	4800	False
2026-02-20 11:25:09.700	40.91	40.94	40.94	1700	True
2026-02-20 11:25:09.727	40.91	40.94	40.92	1700	True
2026-02-20 11:25:09.729	40.91	40.94	40.94	2300	True
2026-02-20 11:25:09.749	40.91	40.94	40.92	1700	True
2026-02-20 11:25:09.795	40.91	40.94	40.94	1700	True
2026-02-20 11:25:09.948	40.91	40.94	40.93	1800	True
2026-02-20 11:25:58.793	40.92	40.95	40.95	100	True
2026-02-20 11:26:18.254	40.93	40.96	40.93	600	False
2026-02-20 11:26:55.185	40.93	40.95	40.93	400	False
2026-02-20 11:26:55.244	40.93	40.95	40.93	1600	False
2026-02-20 11:27:13.147	40.92	40.95	40.92	200	False
2026-02-20 11:27:25.200	40.93	40.94	40.94	100	True
2026-02-20 11:27:45.405	40.93	40.94	40.93	100	False
2026-02-20 11:27:45.587	40.93	40.94	40.93	400	False
2026-02-20 11:27:45.597	40.93	40.94	40.93	400	False
2026-02-20 11:27:45.615	40.93	40.94	40.93	200	False
2026-02-20 11:27:45.615	40.93	40.94	40.93	700	False
2026-02-20 11:27:45.679	40.93	40.94	40.93	100	False
2026-02-20 11:27:45.688	40.93	40.94	40.93	500	False
2026-02-20 11:28:14.494	40.92	40.95	40.95	200	True
2026-02-20 11:28:22.103	40.93	40.95	40.93	100	False
2026-02-20 11:28:30.141	40.94	40.96	40.96	100	True
2026-02-20 11:28:30.153	40.94	40.96	40.97	3800	True
2026-02-20 11:28:30.183	40.94	40.96	40.98	1900	True
2026-02-20 11:28:30.210	40.94	40.96	40.98	1000	True
2026-02-20 11:28:30.213	40.94	40.96	40.98	1700	True
2026-02-20 11:28:30.221	40.94	40.96	40.98	500	True
2026-02-20 11:28:30.224	40.94	40.96	40.98	2800	True
2026-02-20 11:28:30.280	40.95	40.98	40.97	4300	True
2026-02-20 11:28:32.242	40.96	40.98	40.98	200	True
2026-02-20 11:29:00.868	40.97	40.98	40.98	200	True
2026-02-20 11:29:05.246	40.99	41.0	40.99	500	False
2026-02-20 11:29:19.918	40.99	41.0	41.0	200	True
2026-02-20 11:29:20.791	40.99	41.0	41.0	100	True
2026-02-20 11:29:38.570	40.98	41.0	40.98	1200	False
2026-02-20 11:29:38.712	40.98	41.0	40.98	600	False
2026-02-20 11:29:38.723	40.98	41.0	40.98	1200	False
2026-02-20 11:29:38.723	40.98	41.0	40.98	4500	False
2026-02-20 11:29:38.768	40.98	41.0	40.97	500	False
2026-02-20 11:29:38.768	40.98	41.0	40.97	400	False
2026-02-20 11:29:38.769	40.98	41.0	40.97	100	False
2026-02-20 11:29:38.769	40.98	41.0	40.98	100	False
2026-02-20 11:29:38.769	40.98	41.0	40.98	800	False
2026-02-20 11:29:39.127	40.98	41.0	40.99	1800	True
2026-02-20 11:29:39.127	40.98	41.0	41.0	100	True
2026-02-20 11:29:42.436	40.97	41.0	40.99	300	True
2026-02-20 11:29:48.126	40.97	41.0	41.0	800	True
2026-02-20 11:29:48.137	40.97	41.0	41.0	10000	True
2026-02-20 11:29:48.138	40.97	41.0	41.0	5200	True
2026-02-20 11:29:48.376	40.99	41.01	41.0	900	True
2026-02-20 11:29:48.513	40.99	41.01	41.02	6000	True
2026-02-20 11:29:48.513	40.99	41.01	41.02	100	True
2026-02-20 11:29:48.551	40.99	41.01	41.01	2200	True
2026-02-20 11:29:49.183	41.02	41.04	41.04	200	True
2026-02-20 11:29:49.183	41.02	41.04	41.04	700	True
2026-02-20 11:29:49.192	41.02	41.04	41.04	700	True
2026-02-20 11:29:49.208	41.02	41.04	41.04	3500	True
2026-02-20 11:29:49.455	41.02	41.04	41.04	300	True
2026-02-20 11:29:49.456	41.02	41.04	41.04	600	True
2026-02-20 11:29:51.128	41.02	41.04	41.04	200	True
2026-02-20 11:29:51.128	41.02	41.04	41.05	1500	True
2026-02-20 11:29:51.139	41.02	41.04	41.04	200	True
2026-02-20 11:29:51.144	41.02	41.04	41.04	1200	True
2026-02-20 11:29:51.147	41.02	41.04	41.03	100	True
2026-02-20 11:29:51.198	41.02	41.04	41.05	900	True
2026-02-20 11:29:51.199	41.02	41.04	41.04	100	True
2026-02-20 11:29:59.143	41.02	41.05	41.05	1000	True
2026-02-20 11:29:59.143	41.02	41.05	41.05	5700	True
2026-02-20 11:29:59.143	41.02	41.05	41.06	1000	True
2026-02-20 11:29:59.152	41.04	41.06	41.04	1800	False
2026-02-20 11:29:59.176	41.04	41.06	41.06	500	True
2026-02-20 11:29:59.203	41.04	41.06	41.06	2000	True
2026-02-20 11:29:59.222	41.04	41.06	41.06	100	True
2026-02-20 11:29:59.232	41.04	41.06	41.06	600	True
2026-02-20 11:29:59.234	41.04	41.06	41.05	900	True
2026-02-20 11:29:59.242	41.04	41.06	41.06	1400	True
2026-02-20 11:29:59.249	41.04	41.06	41.06	900	True
2026-02-20 11:29:59.356	41.04	41.06	41.07	200	True
2026-02-20 11:29:59.356	41.04	41.06	41.06	900	True
2026-02-20 11:29:59.368	41.04	41.06	41.07	900	True
2026-02-20 11:29:59.386	41.04	41.06	41.06	100	True
2026-02-20 11:29:59.488	41.04	41.06	41.08	6700	True
2026-02-20 11:30:00.781	41.06	41.08	41.08	4400	True
2026-02-20 11:30:00.782	41.06	41.08	41.09	200	True
2026-02-20 11:30:00.782	41.06	41.08	41.1	3400	True
2026-02-20 11:30:00.782	41.06	41.08	41.1	1500	True
2026-02-20 11:30:00.795	41.06	41.08	41.1	400	True
2026-02-20 11:30:00.819	41.06	41.08	41.09	1700	True
2026-02-20 11:30:00.863	41.06	41.08	41.09	4100	True
2026-02-20 11:30:00.896	41.06	41.08	41.1	1700	True
2026-02-20 11:30:01.011	41.09	41.1	41.1	1900	True
2026-02-20 11:30:01.265	41.09	41.1	41.1	9300	True
2026-02-20 11:30:01.267	41.09	41.1	41.11	600	True
2026-02-20 11:30:01.267	41.09	41.1	41.12	2000	True
2026-02-20 11:30:01.267	41.09	41.1	41.13	3100	True
2026-02-20 11:30:01.267	41.09	41.1	41.14	600	True
2026-02-20 11:30:01.267	41.09	41.1	41.14	2600	True
2026-02-20 11:30:01.287	41.09	41.1	41.14	1000	True
2026-02-20 11:30:01.287	41.09	41.1	41.15	3400	True
2026-02-20 11:30:01.287	41.09	41.1	41.15	600	True
2026-02-20 11:30:01.287	41.09	41.1	41.16	6200	True
2026-02-20 11:30:01.287	41.09	41.1	41.17	5500	True
2026-02-20 11:30:01.287	41.09	41.1	41.18	1100	True
2026-02-20 11:30:01.320	41.09	41.1	41.13	100	True
2026-02-20 11:30:01.342	41.09	41.1	41.14	500	True
2026-02-20 11:30:01.342	41.09	41.1	41.17	100	True
2026-02-20 11:30:01.348	41.09	41.1	41.17	400	True
2026-02-20 11:30:01.356	41.09	41.1	41.17	2100	True
2026-02-20 11:30:01.360	41.09	41.1	41.17	1800	True
2026-02-20 11:30:01.360	41.09	41.1	41.15	1800	True
2026-02-20 11:30:01.360	41.09	41.1	41.14	2000	True
2026-02-20 11:30:01.360	41.09	41.1	41.13	1400	True
2026-02-20 11:30:01.362	41.09	41.1	41.17	100	True
2026-02-20 11:30:01.362	41.09	41.1	41.17	1000	True
2026-02-20 11:30:01.380	41.09	41.1	41.15	1600	True
2026-02-20 11:30:01.595	41.09	41.1	41.17	400	True
2026-02-20 11:30:01.595	41.09	41.1	41.18	3600	True
2026-02-20 11:30:01.595	41.09	41.1	41.19	4100	True
2026-02-20 11:30:01.700	41.18	41.19	41.18	700	False
2026-02-20 11:30:01.700	41.18	41.19	41.17	1800	False
2026-02-20 11:30:01.700	41.18	41.19	41.16	1800	False
2026-02-20 11:30:01.836	41.18	41.19	41.19	100	True
2026-02-20 11:30:01.847	41.18	41.19	41.19	500	True
2026-02-20 11:30:01.924	41.18	41.19	41.19	100	True
2026-02-20 11:30:01.924	41.18	41.19	41.19	100	True
2026-02-20 11:30:01.924	41.18	41.19	41.2	3800	True
2026-02-20 11:30:01.924	41.18	41.19	41.21	1900	True
2026-02-20 11:30:01.924	41.18	41.19	41.21	500	True
2026-02-20 11:30:01.924	41.18	41.19	41.22	2500	True
2026-02-20 11:30:01.980	41.19	41.21	41.21	100	True
2026-02-20 11:30:02.017	41.19	41.21	41.2	100	True
2026-02-20 11:30:02.057	41.19	41.21	41.2	100	True
2026-02-20 11:30:02.135	41.19	41.21	41.19	100	False
2026-02-20 11:30:02.194	41.19	41.21	41.19	100	False
2026-02-20 11:30:02.252	41.19	41.21	41.2	100	True
2026-02-20 11:30:02.319	41.2	41.22	41.2	100	False
2026-02-20 11:30:02.321	41.2	41.22	41.22	2000	True
2026-02-20 11:30:02.356	41.2	41.22	41.2	100	False
2026-02-20 11:30:02.410	41.2	41.22	41.2	100	False
2026-02-20 11:30:02.441	41.2	41.22	41.21	1000	True
2026-02-20 11:30:02.536	41.2	41.22	41.2	700	False
2026-02-20 11:30:02.537	41.2	41.22	41.2	100	False
2026-02-20 11:30:02.642	41.2	41.22	41.21	100	True
2026-02-20 11:30:02.911	41.2	41.22	41.2	800	False
2026-02-20 11:30:03.058	41.18	41.21	41.18	100	False
2026-02-20 11:30:03.191	41.18	41.21	41.19	1000	True
2026-02-20 11:30:03.202	41.18	41.21	41.2	1000	True
2026-02-20 11:30:06.131	41.17	41.19	41.15	1800	False
2026-02-20 11:30:06.150	41.14	41.15	41.14	200	False
2026-02-20 11:30:06.165	41.14	41.15	41.14	1200	False
2026-02-20 11:30:06.179	41.14	41.15	41.13	200	False
2026-02-20 11:30:06.184	41.14	41.15	41.12	400	False
2026-02-20 11:30:06.189	41.14	41.15	41.12	1400	False
2026-02-20 11:30:06.191	41.14	41.15	41.12	2300	False
2026-02-20 11:30:06.196	41.14	41.15	41.12	900	False
2026-02-20 11:30:06.201	41.14	41.15	41.12	1200	False
2026-02-20 11:30:06.204	41.14	41.15	41.12	400	False
2026-02-20 11:30:06.207	41.14	41.15	41.12	7500	False
2026-02-20 11:30:06.208	41.14	41.15	41.11	3200	False
2026-02-20 11:30:06.211	41.14	41.15	41.13	300	False
2026-02-20 11:30:06.217	41.14	41.15	41.12	1100	False
2026-02-20 11:30:06.225	41.14	41.15	41.13	4200	False
2026-02-20 11:30:06.235	41.14	41.15	41.12	3100	False
2026-02-20 11:30:06.239	41.14	41.15	41.12	600	False
2026-02-20 11:30:06.241	41.14	41.15	41.12	800	False
2026-02-20 11:30:06.243	41.14	41.15	41.12	500	False
2026-02-20 11:30:06.248	41.14	41.15	41.13	1500	False
2026-02-20 11:30:06.252	41.14	41.15	41.12	1500	False
2026-02-20 11:30:06.254	41.14	41.15	41.12	1200	False
2026-02-20 11:30:06.271	41.14	41.15	41.12	100	False
2026-02-20 11:30:06.279	41.14	41.15	41.12	1900	False
2026-02-20 11:30:06.281	41.14	41.15	41.12	1100	False
2026-02-20 11:30:06.283	41.14	41.15	41.11	300	False
2026-02-20 11:30:06.288	41.14	41.15	41.12	3800	False
2026-02-20 11:30:06.292	41.14	41.15	41.13	8200	False
2026-02-20 11:30:06.301	41.14	41.15	41.13	1800	False
2026-02-20 11:30:06.310	41.14	41.15	41.13	300	False
2026-02-20 11:30:06.324	41.14	41.15	41.12	200	False
2026-02-20 11:30:06.324	41.14	41.15	41.12	200	False
2026-02-20 11:30:06.330	41.14	41.15	41.12	200	False
2026-02-20 11:30:06.334	41.14	41.15	41.12	100	False
2026-02-20 11:30:06.374	41.14	41.15	41.12	700	False
2026-02-20 11:30:06.376	41.14	41.15	41.12	1200	False
2026-02-20 11:30:06.380	41.14	41.15	41.11	100	False
2026-02-20 11:30:06.388	41.14	41.15	41.11	300	False
2026-02-20 11:30:06.418	41.14	41.15	41.11	1700	False
2026-02-20 11:30:06.421	41.14	41.15	41.11	1700	False
2026-02-20 11:30:06.425	41.14	41.15	41.11	200	False
2026-02-20 11:30:06.447	41.14	41.15	41.11	100	False
2026-02-20 11:30:06.466	41.14	41.15	41.12	2400	False
2026-02-20 11:30:06.467	41.14	41.15	41.13	100	False
2026-02-20 11:30:06.469	41.14	41.15	41.14	100	False
2026-02-20 11:30:06.473	41.14	41.15	41.13	900	False
2026-02-20 11:30:06.474	41.14	41.15	41.12	400	False
2026-02-20 11:30:06.478	41.14	41.15	41.11	1300	False
2026-02-20 11:30:06.480	41.14	41.15	41.12	100	False
2026-02-20 11:30:06.481	41.14	41.15	41.13	1400	False
2026-02-20 11:30:06.486	41.14	41.15	41.12	200	False
2026-02-20 11:30:06.502	41.11	41.12	41.11	100	False
2026-02-20 11:30:06.507	41.11	41.12	41.1	200	False
2026-02-20 11:30:06.540	41.11	41.12	41.12	3700	True
2026-02-20 11:30:06.574	41.11	41.12	41.13	100	True
2026-02-20 11:30:06.726	41.11	41.12	41.12	200	True
2026-02-20 11:30:06.829	41.11	41.12	41.11	100	False
2026-02-20 11:30:06.830	41.11	41.12	41.1	4500	False
2026-02-20 11:30:06.833	41.11	41.12	41.1	500	False
2026-02-20 11:30:06.834	41.11	41.12	41.1	1000	False
2026-02-20 11:30:06.878	41.1	41.12	41.1	700	False
2026-02-20 11:30:06.885	41.1	41.12	41.1	100	False
2026-02-20 11:30:06.892	41.1	41.12	41.1	100	False
2026-02-20 11:30:07.273	41.1	41.12	41.12	1000	True
2026-02-20 11:30:07.333	41.1	41.12	41.1	100	False
2026-02-20 11:30:09.197	41.1	41.12	41.1	2000	False
2026-02-20 11:30:09.200	41.1	41.12	41.1	7100	False
2026-02-20 11:30:09.201	41.1	41.12	41.09	300	False
2026-02-20 11:30:09.201	41.1	41.12	41.08	1200	False
2026-02-20 11:30:09.201	41.1	41.12	41.08	1900	False
2026-02-20 11:30:09.266	41.1	41.12	41.08	100	False
2026-02-20 11:30:09.311	41.08	41.09	41.08	200	False
2026-02-20 11:30:09.324	41.08	41.09	41.07	400	False
2026-02-20 11:30:09.343	41.08	41.09	41.08	3100	False
2026-02-20 11:30:09.343	41.08	41.09	41.09	100	True
2026-02-20 11:30:10.418	41.08	41.09	41.08	100	False
2026-02-20 11:30:11.837	41.07	41.1	41.07	200	False
2026-02-20 11:30:16.222	41.07	41.09	41.07	200	False
2026-02-20 11:30:16.223	41.07	41.09	41.06	200	False
2026-02-20 11:30:16.224	41.07	41.09	41.05	8700	False
2026-02-20 11:30:16.224	41.07	41.09	41.05	900	False
2026-02-20 11:30:16.225	41.07	41.09	41.04	3400	False
2026-02-20 11:30:16.300	41.05	41.07	41.05	300	False
2026-02-20 11:30:16.301	41.05	41.07	41.04	900	False
2026-02-20 11:30:16.307	41.05	41.07	41.03	1200	False
2026-02-20 11:30:16.350	41.05	41.07	41.03	100	False
2026-02-20 11:30:16.358	41.05	41.07	41.03	1500	False
2026-02-20 11:30:16.752	41.03	41.06	41.07	7500	True
2026-02-20 11:30:16.752	41.03	41.06	41.08	3500	True
2026-02-20 11:30:16.755	41.03	41.06	41.09	2100	True
2026-02-20 11:30:16.755	41.03	41.06	41.09	900	True
2026-02-20 11:30:16.884	41.03	41.06	41.08	1100	True
2026-02-20 11:30:16.887	41.03	41.06	41.08	2600	True
2026-02-20 11:30:16.887	41.03	41.06	41.1	1100	True
2026-02-20 11:30:27.896	41.06	41.08	41.06	400	False
2026-02-20 11:30:27.901	41.06	41.08	41.05	100	False
2026-02-20 11:30:27.901	41.06	41.08	41.04	1600	False
2026-02-20 11:30:27.909	41.06	41.08	41.04	900	False
2026-02-20 11:30:31.128	41.03	41.05	41.03	300	False
2026-02-20 11:30:33.122	41.02	41.05	41.02	100	False
2026-02-20 11:30:33.122	41.02	41.05	41.02	4900	False
2026-02-20 11:30:33.791	41.02	41.04	41.04	2400	True
2026-02-20 11:30:33.792	41.02	41.04	41.04	200	True
2026-02-20 11:30:33.793	41.02	41.04	41.04	3400	True
2026-02-20 11:30:33.794	41.02	41.04	41.03	100	True
2026-02-20 11:30:42.338	41.02	41.05	41.05	400	True
2026-02-20 11:30:42.347	41.02	41.05	41.06	100	True
2026-02-20 11:30:42.348	41.02	41.05	41.07	100	True
2026-02-20 11:30:42.352	41.02	41.05	41.07	100	True
2026-02-20 11:30:42.368	41.02	41.05	41.07	400	True
2026-02-20 11:30:57.915	41.05	41.07	41.05	500	False
2026-02-20 11:30:58.088	41.04	41.06	41.04	400	False
2026-02-20 11:31:00.788	41.02	41.05	41.02	300	False
2026-02-20 11:31:04.592	41.0	41.02	41.0	500	False
2026-02-20 11:31:04.598	41.0	41.02	40.99	300	False
2026-02-20 11:31:11.395	40.96	40.98	40.96	600	False
2026-02-20 11:31:30.490	40.96	40.98	40.98	400	True
2026-02-20 11:31:36.796	40.97	41.0	40.97	600	False
2026-02-20 11:31:38.111	40.96	40.99	40.96	1800	False
2026-02-20 11:31:56.608	40.93	40.95	40.95	500	True
2026-02-20 11:32:00.792	40.94	40.96	40.96	300	True
2026-02-20 11:32:07.719	40.97	41.0	41.0	1300	True
2026-02-20 11:32:07.727	40.97	41.0	41.0	1200	True
2026-02-20 11:32:07.727	40.97	41.0	41.01	1900	True
2026-02-20 11:32:07.727	40.97	41.0	41.02	2200	True
2026-02-20 11:32:07.727	40.97	41.0	41.02	100	True
2026-02-20 11:32:10.212	41.0	41.03	41.0	1900	False
2026-02-20 11:32:10.214	41.0	41.03	40.99	800	False
2026-02-20 11:32:10.214	41.0	41.03	40.99	1900	False
2026-02-20 11:32:10.224	41.0	41.03	40.98	3000	False
2026-02-20 11:32:13.905	40.96	40.97	40.96	100	False
2026-02-20 11:32:17.182	40.94	40.97	40.94	100	False
2026-02-20 11:32:17.182	40.94	40.97	40.94	500	False
2026-02-20 11:32:17.208	40.94	40.97	40.94	200	False
2026-02-20 11:32:18.015	40.93	40.94	40.93	200	False
2026-02-20 11:32:23.329	40.91	40.92	40.9	100	False
2026-02-20 11:32:23.329	40.91	40.92	40.9	1200	False
2026-02-20 11:32:23.332	40.91	40.92	40.91	500	False
2026-02-20 11:32:23.339	40.91	40.92	40.91	600	False
2026-02-20 11:32:23.344	40.91	40.92	40.9	100	False
2026-02-20 11:32:41.241	40.91	40.93	40.91	300	False
2026-02-20 11:32:41.249	40.91	40.93	40.91	1000	False
2026-02-20 11:32:50.147	40.89	40.92	40.89	100	False
2026-02-20 11:32:50.147	40.89	40.92	40.89	300	False
2026-02-20 11:32:58.023	40.89	40.92	40.92	400	True
2026-02-20 11:32:58.050	40.89	40.92	40.93	100	True
2026-02-20 11:32:58.089	40.89	40.92	40.94	200	True
2026-02-20 11:32:58.089	40.89	40.92	40.94	1000	True
2026-02-20 11:32:58.167	40.89	40.92	40.95	200	True
2026-02-20 11:32:58.180	40.89	40.92	40.95	1700	True
2026-02-20 11:33:00.290	40.95	40.97	40.95	200	False
2026-02-20 11:33:00.311	40.95	40.97	40.94	200	False
2026-02-20 11:33:03.211	40.92	40.94	40.92	2100	False
2026-02-20 11:33:08.819	40.9	40.93	40.9	300	False
2026-02-20 11:33:12.173	40.9	40.92	40.9	100	False
2026-02-20 11:33:22.138	40.9	40.93	40.9	1100	False
2026-02-20 11:33:22.139	40.9	40.93	40.9	700	False
2026-02-20 11:33:33.707	40.9	40.93	40.9	500	False
2026-02-20 11:33:44.787	40.91	40.93	40.91	200	False
2026-02-20 11:33:44.794	40.91	40.93	40.91	600	False
2026-02-20 11:33:54.948	40.88	40.91	40.88	100	False
2026-02-20 11:33:56.793	40.86	40.88	40.87	400	True
2026-02-20 11:33:56.795	40.86	40.87	40.86	2200	False
2026-02-20 11:33:56.931	40.86	40.87	40.84	1900	False
2026-02-20 11:34:06.514	40.82	40.85	40.82	1000	False
2026-02-20 11:34:06.520	40.82	40.85	40.82	200	False
2026-02-20 11:34:06.536	40.82	40.85	40.82	1000	False
2026-02-20 11:34:06.538	40.82	40.85	40.82	800	False
2026-02-20 11:34:06.563	40.82	40.85	40.82	1000	False
2026-02-20 11:34:06.574	40.82	40.85	40.82	700	False
2026-02-20 11:34:06.654	40.82	40.84	40.82	100	False
2026-02-20 11:34:06.666	40.82	40.84	40.82	100	False
2026-02-20 11:34:09.258	40.83	40.86	40.83	1000	False
2026-02-20 11:34:09.258	40.83	40.86	40.82	3000	False
2026-02-20 11:34:09.258	40.83	40.86	40.82	1000	False
2026-02-20 11:34:12.262	40.82	40.85	40.82	200	False
2026-02-20 11:34:26.321	40.82	40.84	40.84	200	True
2026-02-20 11:34:27.705	40.83	40.86	40.83	2100	False
2026-02-20 11:34:29.023	40.82	40.84	40.84	1500	True
2026-02-20 11:34:29.510	40.83	40.84	40.83	100	False
2026-02-20 11:34:29.510	40.83	40.84	40.83	100	False
2026-02-20 11:34:34.924	40.82	40.84	40.82	800	False
2026-02-20 11:34:34.940	40.81	40.82	40.82	1200	True
2026-02-20 11:34:34.967	40.81	40.82	40.82	100	True
2026-02-20 11:34:39.557	40.81	40.82	40.82	900	True
2026-02-20 11:34:53.212	40.81	40.83	40.81	7000	False
2026-02-20 11:34:53.212	40.81	40.83	40.8	1000	False
2026-02-20 11:35:08.441	40.79	40.83	40.79	1000	False
2026-02-20 11:35:20.513	40.81	40.84	40.81	500	False
2026-02-20 11:35:20.513	40.81	40.84	40.8	2900	False
2026-02-20 11:35:20.513	40.81	40.84	40.8	1600	False
2026-02-20 11:35:28.528	40.79	40.82	40.82	1400	True
2026-02-20 11:35:39.845	40.79	40.81	40.79	20000	False
2026-02-20 11:35:39.846	40.79	40.81	40.79	200	False
2026-02-20 11:35:47.203	40.78	40.8	40.78	100	False
2026-02-20 11:35:58.878	40.78	40.79	40.78	100	False
2026-02-20 11:35:58.925	40.78	40.79	40.76	100	False
2026-02-20 11:36:00.651	40.75	40.76	40.76	200	True
2026-02-20 11:36:02.473	40.75	40.77	40.75	800	False
2026-02-20 11:36:02.502	40.75	40.77	40.74	100	False
2026-02-20 11:36:02.546	40.75	40.77	40.74	100	False
2026-02-20 11:36:03.337	40.73	40.75	40.73	400	False
2026-02-20 11:36:04.864	40.73	40.75	40.73	4700	False
2026-02-20 11:36:04.864	40.73	40.75	40.72	3900	False
2026-02-20 11:36:07.814	40.72	40.74	40.72	2000	False
2026-02-20 11:36:07.814	40.72	40.74	40.71	2200	False
2026-02-20 11:36:07.814	40.72	40.74	40.7	800	False
2026-02-20 11:36:08.350	40.7	40.73	40.73	100	True
2026-02-20 11:36:12.703	40.72	40.74	40.72	200	False
2026-02-20 11:36:13.734	40.7	40.72	40.72	100	True
2026-02-20 11:36:15.412	40.7	40.72	40.72	600	True
2026-02-20 11:36:17.703	40.7	40.72	40.72	2200	True
2026-02-20 11:36:17.766	40.7	40.72	40.71	100	True
2026-02-20 11:36:17.880	40.7	40.72	40.7	5600	False
2026-02-20 11:36:18.151	40.7	40.72	40.7	500	False
2026-02-20 11:36:19.349	40.68	40.71	40.71	1500	True
2026-02-20 11:36:19.349	40.68	40.71	40.72	3400	True
2026-02-20 11:36:22.138	40.7	40.73	40.7	1600	False
2026-02-20 11:36:27.137	40.72	40.75	40.72	1200	False
2026-02-20 11:36:32.990	40.69	40.71	40.69	100	False
2026-02-20 11:36:32.993	40.69	40.71	40.68	600	False
2026-02-20 11:36:32.993	40.69	40.71	40.68	800	False
2026-02-20 11:36:32.993	40.69	40.71	40.67	5000	False
2026-02-20 11:36:32.994	40.69	40.71	40.66	200	False
2026-02-20 11:36:33.101	40.69	40.71	40.67	1900	False
2026-02-20 11:36:33.588	40.66	40.68	40.66	400	False
2026-02-20 11:36:34.122	40.65	40.66	40.65	2900	False
2026-02-20 11:36:48.047	40.65	40.66	40.66	2100	True
2026-02-20 11:36:48.064	40.65	40.66	40.66	400	True
2026-02-20 11:36:55.213	40.65	40.66	40.66	100	True
2026-02-20 11:36:56.374	40.65	40.66	40.66	4200	True
2026-02-20 11:36:56.374	40.65	40.66	40.67	100	True
2026-02-20 11:36:56.374	40.65	40.66	40.68	2200	True
2026-02-20 11:36:56.383	40.65	40.66	40.68	100	True
2026-02-20 11:36:56.383	40.65	40.66	40.69	6700	True
2026-02-20 11:36:56.505	40.65	40.66	40.69	400	True
2026-02-20 11:37:01.010	40.66	40.68	40.66	200	False
2026-02-20 11:37:01.021	40.66	40.68	40.66	100	False
2026-02-20 11:37:01.038	40.66	40.68	40.66	100	False
2026-02-20 11:37:01.041	40.66	40.68	40.66	100	False
2026-02-20 11:37:01.056	40.66	40.68	40.66	100	False
2026-02-20 11:37:01.058	40.66	40.68	40.66	100	False
2026-02-20 11:37:01.060	40.66	40.68	40.66	200	False
2026-02-20 11:37:01.062	40.66	40.68	40.66	100	False
2026-02-20 11:37:01.065	40.66	40.68	40.66	100	False
2026-02-20 11:37:01.070	40.66	40.68	40.66	100	False
2026-02-20 11:37:14.565	40.7	40.72	40.7	1000	False
2026-02-20 11:37:14.566	40.7	40.72	40.69	200	False
2026-02-20 11:37:14.566	40.7	40.72	40.68	3100	False
2026-02-20 11:37:14.586	40.7	40.72	40.7	100	False
2026-02-20 11:37:25.276	40.7	40.72	40.7	2000	False
2026-02-20 11:37:25.418	40.69	40.71	40.69	100	False
2026-02-20 11:37:25.485	40.69	40.71	40.67	1900	False
2026-02-20 11:37:25.668	40.69	40.71	40.69	100	False
2026-02-20 11:37:25.761	40.67	40.7	40.69	100	True
2026-02-20 11:37:25.829	40.67	40.7	40.69	100	True
2026-02-20 11:37:25.902	40.67	40.7	40.69	100	True
2026-02-20 11:37:25.967	40.67	40.7	40.69	100	True
2026-02-20 11:37:26.088	40.67	40.7	40.69	100	True
2026-02-20 11:37:26.169	40.67	40.69	40.69	100	True
2026-02-20 11:37:26.261	40.67	40.69	40.69	100	True
2026-02-20 11:37:26.438	40.67	40.69	40.69	100	True
2026-02-20 11:37:26.865	40.66	40.67	40.66	500	False
2026-02-20 11:37:26.867	40.66	40.67	40.66	2500	False
2026-02-20 11:37:26.867	40.66	40.67	40.64	1400	False
2026-02-20 11:37:26.942	40.66	40.67	40.64	1400	False
2026-02-20 11:37:26.945	40.66	40.67	40.64	100	False
2026-02-20 11:37:26.968	40.66	40.67	40.63	1400	False
2026-02-20 11:37:26.981	40.66	40.67	40.63	600	False
2026-02-20 11:37:26.990	40.66	40.67	40.63	500	False
2026-02-20 11:37:27.017	40.66	40.67	40.63	100	False
2026-02-20 11:37:27.018	40.66	40.67	40.63	400	False
2026-02-20 11:37:27.018	40.66	40.67	40.63	2100	False
2026-02-20 11:37:27.021	40.66	40.67	40.63	200	False
2026-02-20 11:37:27.139	40.66	40.67	40.6	400	False
2026-02-20 11:37:27.355	40.6	40.63	40.6	1400	False
2026-02-20 11:37:27.622	40.6	40.63	40.64	100	True
2026-02-20 11:37:27.706	40.6	40.63	40.64	100	True
2026-02-20 11:37:27.811	40.6	40.63	40.64	100	True
2026-02-20 11:37:27.854	40.61	40.64	40.64	100	True
2026-02-20 11:37:27.900	40.61	40.64	40.63	100	True
2026-02-20 11:37:27.948	40.61	40.64	40.63	100	True
2026-02-20 11:37:28.128	40.61	40.64	40.63	100	True
2026-02-20 11:37:28.706	40.6	40.63	40.63	300	True
2026-02-20 11:37:33.520	40.62	40.65	40.65	200	True
2026-02-20 11:37:33.520	40.62	40.65	40.66	2100	True
2026-02-20 11:37:33.520	40.62	40.65	40.66	800	True
2026-02-20 11:37:33.521	40.62	40.65	40.67	1000	True
2026-02-20 11:37:40.230	40.64	40.67	40.64	300	False
2026-02-20 11:37:45.183	40.64	40.66	40.64	1300	False
2026-02-20 11:37:45.185	40.64	40.66	40.63	700	False
2026-02-20 11:37:45.185	40.64	40.66	40.62	500	False
2026-02-20 11:37:45.185	40.64	40.66	40.62	700	False
2026-02-20 11:37:45.390	40.6	40.63	40.63	100	True
2026-02-20 11:37:47.249	40.61	40.64	40.64	100	True
2026-02-20 11:37:54.544	40.61	40.64	40.63	100	True
2026-02-20 11:37:54.604	40.61	40.64	40.63	100	True
2026-02-20 11:37:54.690	40.61	40.64	40.63	100	True
2026-02-20 11:37:54.757	40.61	40.64	40.63	100	True
2026-02-20 11:37:54.835	40.61	40.64	40.63	100	True
2026-02-20 11:37:54.922	40.61	40.64	40.63	100	True
2026-02-20 11:37:56.202	40.62	40.64	40.64	100	True
2026-02-20 11:37:56.265	40.62	40.64	40.63	100	True
2026-02-20 11:37:56.358	40.62	40.64	40.63	100	True
2026-02-20 11:37:56.451	40.62	40.64	40.63	100	True
2026-02-20 11:37:56.472	40.62	40.64	40.63	100	True
2026-02-20 11:37:57.156	40.63	40.64	40.64	100	True
2026-02-20 11:37:57.196	40.63	40.64	40.64	300	True
2026-02-20 11:37:58.865	40.64	40.65	40.65	100	True
2026-02-20 11:37:58.891	40.64	40.65	40.64	100	False
2026-02-20 11:38:02.209	40.63	40.65	40.65	400	True
2026-02-20 11:38:02.210	40.63	40.65	40.66	2100	True
2026-02-20 11:38:14.912	40.64	40.66	40.66	100	True
2026-02-20 11:38:14.938	40.64	40.66	40.66	100	True
2026-02-20 11:38:17.893	40.64	40.66	40.66	4100	True
2026-02-20 11:38:17.895	40.64	40.66	40.66	700	True
2026-02-20 11:38:23.234	40.66	40.67	40.67	800	True
2026-02-20 11:38:23.269	40.66	40.67	40.68	400	True
2026-02-20 11:38:23.277	40.66	40.67	40.68	1500	True
2026-02-20 11:38:30.950	40.68	40.7	40.69	200	True
2026-02-20 11:38:35.618	40.68	40.69	40.69	100	True
2026-02-20 11:38:36.364	40.71	40.73	40.71	100	False
2026-02-20 11:38:36.525	40.7	40.72	40.72	100	True
2026-02-20 11:38:49.191	40.72	40.74	40.72	100	False
2026-02-20 11:38:53.898	40.7	40.73	40.73	500	True
2026-02-20 11:38:53.898	40.7	40.73	40.74	500	True
2026-02-20 11:38:57.028	40.7	40.73	40.7	200	False
2026-02-20 11:39:07.421	40.71	40.74	40.71	1000	False
2026-02-20 11:39:07.430	40.71	40.74	40.71	1400	False
2026-02-20 11:39:07.451	40.71	40.74	40.71	600	False
2026-02-20 11:39:07.619	40.7	40.71	40.7	200	False
2026-02-20 11:39:07.619	40.7	40.71	40.69	100	False
2026-02-20 11:39:07.620	40.7	40.71	40.68	5300	False
2026-02-20 11:39:07.620	40.7	40.71	40.67	2300	False
2026-02-20 11:39:07.620	40.7	40.71	40.67	4000	False
2026-02-20 11:39:08.147	40.67	40.7	40.7	100	True
2026-02-20 11:39:21.814	40.67	40.7	40.67	300	False
2026-02-20 11:39:22.816	40.67	40.7	40.68	300	True
2026-02-20 11:39:32.356	40.67	40.68	40.68	200	True
2026-02-20 11:39:33.428	40.68	40.7	40.67	100	False
2026-02-20 11:39:38.019	40.68	40.71	40.71	100	True
2026-02-20 11:39:38.230	40.69	40.71	40.71	100	True
2026-02-20 11:39:38.304	40.69	40.71	40.71	100	True
2026-02-20 11:39:39.819	40.69	40.71	40.71	100	True
2026-02-20 11:39:39.885	40.69	40.71	40.71	100	True
2026-02-20 11:39:45.925	40.69	40.7	40.7	400	True
2026-02-20 11:39:45.925	40.69	40.7	40.7	400	True
2026-02-20 11:40:06.005	40.7	40.71	40.7	700	False
2026-02-20 11:40:15.966	40.69	40.71	40.71	4400	True
2026-02-20 11:40:16.100	40.69	40.71	40.71	100	True
2026-02-20 11:40:16.159	40.69	40.71	40.7	600	True
2026-02-20 11:40:22.211	40.69	40.72	40.69	4700	False
2026-02-20 11:40:22.240	40.69	40.72	40.68	300	False
2026-02-20 11:40:22.248	40.69	40.72	40.68	400	False
2026-02-20 11:40:22.261	40.69	40.72	40.68	100	False
2026-02-20 11:40:42.656	40.7	40.72	40.7	600	False
2026-02-20 11:40:42.669	40.7	40.72	40.7	100	False
2026-02-20 11:40:42.735	40.7	40.72	40.71	100	True
2026-02-20 11:40:42.865	40.71	40.72	40.71	100	False
2026-02-20 11:40:42.877	40.71	40.72	40.71	100	False
2026-02-20 11:40:42.890	40.71	40.72	40.71	100	False
2026-02-20 11:40:42.898	40.71	40.72	40.7	100	False
2026-02-20 11:40:42.898	40.71	40.72	40.71	100	False
2026-02-20 11:40:42.911	40.71	40.72	40.71	100	False
2026-02-20 11:40:42.931	40.71	40.72	40.71	100	False
2026-02-20 11:40:42.940	40.71	40.72	40.71	100	False
2026-02-20 11:40:42.952	40.71	40.72	40.71	100	False
2026-02-20 11:40:42.961	40.71	40.72	40.71	100	False
2026-02-20 11:40:42.970	40.71	40.72	40.7	100	False
2026-02-20 11:40:42.970	40.71	40.72	40.71	100	False
2026-02-20 11:40:42.980	40.71	40.72	40.71	100	False
2026-02-20 11:40:42.986	40.71	40.72	40.71	100	False
2026-02-20 11:40:42.997	40.71	40.72	40.71	100	False
2026-02-20 11:40:43.007	40.71	40.72	40.71	100	False
2026-02-20 11:40:43.012	40.71	40.72	40.71	100	False
2026-02-20 11:40:43.013	40.71	40.72	40.7	100	False
2026-02-20 11:40:43.025	40.71	40.72	40.71	100	False
2026-02-20 11:40:43.033	40.71	40.72	40.71	100	False
2026-02-20 11:40:43.049	40.71	40.72	40.71	100	False
2026-02-20 11:40:43.056	40.71	40.72	40.71	100	False
2026-02-20 11:40:43.067	40.71	40.72	40.71	100	False
2026-02-20 11:40:43.074	40.71	40.72	40.7	100	False
2026-02-20 11:40:43.076	40.71	40.72	40.71	100	False
2026-02-20 11:40:43.262	40.7	40.71	40.71	100	True
2026-02-20 11:40:43.346	40.7	40.71	40.71	100	True
2026-02-20 11:40:43.367	40.7	40.71	40.7	800	False
2026-02-20 11:40:43.385	40.7	40.71	40.7	200	False
2026-02-20 11:40:43.389	40.7	40.71	40.7	1000	False
2026-02-20 11:40:43.448	40.7	40.71	40.7	100	False
2026-02-20 11:40:43.458	40.7	40.71	40.69	400	False
2026-02-20 11:40:43.806	40.68	40.7	40.7	100	True
2026-02-20 11:40:43.945	40.69	40.7	40.7	200	True
2026-02-20 11:40:43.959	40.69	40.7	40.7	100	True
2026-02-20 11:40:43.967	40.69	40.7	40.69	100	False
2026-02-20 11:40:43.975	40.69	40.7	40.7	100	True
2026-02-20 11:40:43.993	40.69	40.7	40.7	100	True
2026-02-20 11:40:44.003	40.69	40.7	40.7	100	True
2026-02-20 11:40:44.011	40.69	40.7	40.7	100	True
2026-02-20 11:40:44.017	40.69	40.7	40.7	100	True
2026-02-20 11:40:44.024	40.69	40.7	40.7	100	True
2026-02-20 11:40:44.031	40.69	40.7	40.7	100	True
2026-02-20 11:40:44.032	40.69	40.7	40.69	100	False
2026-02-20 11:40:44.633	40.69	40.7	40.7	100	True
2026-02-20 11:40:44.735	40.69	40.7	40.7	100	True
2026-02-20 11:40:44.780	40.69	40.7	40.7	100	True
2026-02-20 11:40:44.793	40.69	40.7	40.7	500	True
2026-02-20 11:40:44.793	40.69	40.7	40.7	1300	True
2026-02-20 11:40:44.798	40.69	40.7	40.7	3200	True
2026-02-20 11:40:44.808	40.69	40.7	40.7	100	True
2026-02-20 11:40:44.817	40.69	40.7	40.7	100	True
2026-02-20 11:40:44.822	40.69	40.7	40.69	700	False
2026-02-20 11:40:53.467	40.7	40.72	40.72	200	True
2026-02-20 11:40:58.238	40.71	40.74	40.72	200	True
2026-02-20 11:40:58.247	40.71	40.74	40.71	100	False
2026-02-20 11:40:59.256	40.71	40.73	40.72	200	True
2026-02-20 11:40:59.259	40.71	40.73	40.72	100	True
2026-02-20 11:41:02.447	40.71	40.73	40.71	2000	False
2026-02-20 11:41:02.464	40.71	40.73	40.71	200	False
2026-02-20 11:41:02.464	40.71	40.73	40.69	200	False
2026-02-20 11:41:03.790	40.7	40.72	40.69	3200	False
2026-02-20 11:41:03.790	40.7	40.72	40.68	4000	False
2026-02-20 11:41:03.844	40.67	40.71	40.67	600	False
2026-02-20 11:41:03.874	40.67	40.71	40.67	600	False
2026-02-20 11:41:03.904	40.67	40.71	40.67	100	False
2026-02-20 11:41:03.910	40.67	40.71	40.69	100	True
2026-02-20 11:41:03.913	40.67	40.71	40.69	300	True
2026-02-20 11:41:04.057	40.67	40.71	40.7	100	True
2026-02-20 11:41:15.790	40.69	40.72	40.7	3400	True
2026-02-20 11:41:15.804	40.69	40.72	40.7	100	True
2026-02-20 11:41:20.128	40.69	40.72	40.7	700	True
2026-02-20 11:41:48.010	40.68	40.7	40.7	100	True
2026-02-20 11:41:48.016	40.68	40.7	40.68	100	False
2026-02-20 11:41:48.025	40.68	40.7	40.68	900	False
2026-02-20 11:41:48.033	40.68	40.7	40.67	100	False
2026-02-20 11:41:49.701	40.67	40.69	40.69	100	True
2026-02-20 11:41:53.116	40.68	40.69	40.69	100	True
2026-02-20 11:41:53.116	40.68	40.69	40.69	200	True
2026-02-20 11:41:53.125	40.68	40.69	40.69	300	True
2026-02-20 11:41:53.128	40.68	40.69	40.67	100	False
2026-02-20 11:41:53.144	40.68	40.69	40.69	300	True
2026-02-20 11:41:53.151	40.67	40.69	40.67	100	False
2026-02-20 11:41:53.153	40.67	40.69	40.69	300	True
2026-02-20 11:41:53.159	40.67	40.69	40.69	300	True
2026-02-20 11:41:53.162	40.67	40.69	40.67	100	False
2026-02-20 11:41:53.170	40.67	40.69	40.69	300	True
2026-02-20 11:41:53.179	40.67	40.69	40.69	300	True
2026-02-20 11:41:59.060	40.69	40.7	40.69	5100	False
2026-02-20 11:41:59.067	40.69	40.7	40.67	900	False
2026-02-20 11:42:04.658	40.67	40.7	40.7	200	True
2026-02-20 11:42:04.938	40.69	40.71	40.7	100	True
2026-02-20 11:42:04.938	40.69	40.71	40.7	100	True
2026-02-20 11:42:04.968	40.69	40.71	40.7	200	True
2026-02-20 11:42:05.085	40.69	40.71	40.7	300	True
2026-02-20 11:42:05.124	40.69	40.71	40.7	100	True
2026-02-20 11:42:05.247	40.69	40.71	40.7	100	True
2026-02-20 11:42:05.251	40.69	40.71	40.7	100	True
2026-02-20 11:42:05.260	40.69	40.71	40.7	100	True
2026-02-20 11:42:05.269	40.69	40.71	40.7	100	True
2026-02-20 11:42:05.270	40.69	40.71	40.69	100	False
2026-02-20 11:42:05.293	40.69	40.71	40.71	100	True
2026-02-20 11:42:05.347	40.69	40.71	40.71	100	True
2026-02-20 11:42:05.386	40.69	40.71	40.71	100	True
2026-02-20 11:42:05.433	40.69	40.72	40.71	100	True
2026-02-20 11:42:05.442	40.69	40.72	40.69	100	False
2026-02-20 11:42:05.506	40.69	40.72	40.71	100	True
2026-02-20 11:42:05.693	40.69	40.72	40.71	100	True
2026-02-20 11:42:08.102	40.69	40.72	40.7	1000	True
2026-02-20 11:42:08.102	40.69	40.72	40.7	2100	True
2026-02-20 11:42:08.107	40.69	40.72	40.7	100	True
2026-02-20 11:42:08.117	40.69	40.72	40.7	100	True
2026-02-20 11:42:08.117	40.69	40.72	40.7	100	True
2026-02-20 11:42:08.132	40.69	40.72	40.71	100	True
2026-02-20 11:42:08.145	40.69	40.72	40.71	100	True
2026-02-20 11:42:08.162	40.69	40.72	40.71	100	True
2026-02-20 11:42:08.170	40.69	40.72	40.69	100	False
2026-02-20 11:42:08.204	40.69	40.72	40.71	100	True
2026-02-20 11:42:08.213	40.69	40.72	40.7	2900	True
2026-02-20 11:42:08.216	40.69	40.72	40.7	100	True
2026-02-20 11:42:08.227	40.69	40.72	40.71	100	True
2026-02-20 11:42:08.237	40.69	40.72	40.7	300	True
2026-02-20 11:42:08.264	40.69	40.72	40.7	200	True
2026-02-20 11:42:08.281	40.69	40.72	40.7	300	True
2026-02-20 11:42:08.286	40.69	40.72	40.7	2200	True
2026-02-20 11:42:08.298	40.69	40.72	40.7	700	True
2026-02-20 11:42:08.313	40.69	40.72	40.7	700	True
2026-02-20 11:42:08.328	40.69	40.72	40.7	200	True
2026-02-20 11:42:08.345	40.69	40.72	40.7	100	True
2026-02-20 11:42:08.347	40.69	40.72	40.7	100	True
2026-02-20 11:42:08.359	40.69	40.72	40.7	100	True
2026-02-20 11:42:08.369	40.69	40.72	40.7	100	True
2026-02-20 11:42:08.373	40.69	40.72	40.69	100	False
2026-02-20 11:42:08.387	40.69	40.72	40.7	200	True
2026-02-20 11:42:08.393	40.69	40.72	40.7	200	True
2026-02-20 11:42:08.400	40.69	40.72	40.69	100	False
2026-02-20 11:42:08.415	40.69	40.72	40.7	100	True
2026-02-20 11:42:08.424	40.69	40.72	40.7	100	True
2026-02-20 11:42:08.444	40.69	40.72	40.7	100	True
2026-02-20 11:42:08.447	40.69	40.72	40.7	100	True
2026-02-20 11:42:08.494	40.69	40.72	40.7	100	True
2026-02-20 11:42:08.593	40.69	40.7	40.7	100	True
2026-02-20 11:42:08.720	40.69	40.7	40.7	100	True
2026-02-20 11:42:08.721	40.69	40.7	40.7	100	True
2026-02-20 11:42:08.728	40.69	40.7	40.69	100	False
2026-02-20 11:42:08.789	40.69	40.7	40.7	200	True
2026-02-20 11:42:08.813	40.69	40.7	40.71	100	True
2026-02-20 11:42:08.884	40.69	40.7	40.71	100	True
2026-02-20 11:42:08.921	40.69	40.71	40.7	200	True
2026-02-20 11:42:08.952	40.69	40.71	40.71	100	True
2026-02-20 11:42:09.018	40.69	40.71	40.7	200	True
2026-02-20 11:42:09.030	40.69	40.71	40.69	100	False
2026-02-20 11:42:09.189	40.69	40.71	40.7	600	True
2026-02-20 11:42:09.260	40.69	40.71	40.7	600	True
2026-02-20 11:42:09.266	40.69	40.71	40.71	100	True
2026-02-20 11:42:09.281	40.69	40.71	40.7	300	True
2026-02-20 11:42:09.312	40.69	40.71	40.71	100	True
2026-02-20 11:42:10.062	40.71	40.72	40.72	2400	True
2026-02-20 11:42:15.573	40.71	40.72	40.72	2100	True
2026-02-20 11:42:19.191	40.71	40.73	40.72	2100	True
2026-02-20 11:42:30.278	40.73	40.75	40.75	100	True
2026-02-20 11:42:36.586	40.73	40.75	40.75	200	True
2026-02-20 11:42:46.658	40.75	40.76	40.75	300	False
2026-02-20 11:42:46.708	40.74	40.75	40.74	200	False
2026-02-20 11:42:46.752	40.74	40.75	40.74	100	False
2026-02-20 11:42:51.737	40.73	40.74	40.74	400	True
2026-02-20 11:42:55.747	40.73	40.75	40.73	800	False
2026-02-20 11:42:55.753	40.73	40.75	40.73	9200	False
2026-02-20 11:43:00.149	40.71	40.73	40.73	900	True
2026-02-20 11:43:01.895	40.71	40.74	40.71	100	False
2026-02-20 11:43:01.895	40.71	40.74	40.71	3200	False
2026-02-20 11:43:01.900	40.71	40.74	40.71	200	False
2026-02-20 11:43:02.256	40.71	40.73	40.71	400	False
2026-02-20 11:43:02.276	40.71	40.73	40.72	300	True
2026-02-20 11:43:02.284	40.71	40.73	40.72	300	True
2026-02-20 11:43:02.290	40.71	40.73	40.72	300	True
2026-02-20 11:43:02.296	40.71	40.73	40.72	300	True
2026-02-20 11:43:02.340	40.71	40.73	40.72	100	True
2026-02-20 11:43:04.891	40.72	40.74	40.74	100	True
2026-02-20 11:43:04.891	40.72	40.74	40.75	800	True
2026-02-20 11:43:06.540	40.72	40.75	40.74	800	True
2026-02-20 11:43:13.672	40.73	40.76	40.73	1000	False
2026-02-20 11:43:13.918	40.73	40.76	40.78	100	True
2026-02-20 11:43:14.936	40.77	40.79	40.8	400	True
2026-02-20 11:43:14.985	40.77	40.79	40.8	200	True
2026-02-20 11:43:15.898	40.77	40.79	40.78	200	True
2026-02-20 11:43:40.940	40.77	40.79	40.77	200	False
2026-02-20 11:43:40.957	40.77	40.79	40.76	1800	False
2026-02-20 11:43:44.449	40.76	40.78	40.76	1800	False
2026-02-20 11:43:58.464	40.75	40.77	40.77	100	True
2026-02-20 11:44:00.959	40.75	40.78	40.75	1800	False
2026-02-20 11:44:01.313	40.75	40.78	40.75	800	False
2026-02-20 11:44:01.313	40.75	40.78	40.75	200	False
2026-02-20 11:44:01.317	40.75	40.78	40.75	100	False
2026-02-20 11:44:01.350	40.75	40.78	40.75	1900	False
2026-02-20 11:44:02.593	40.75	40.78	40.79	12500	True
2026-02-20 11:44:15.422	40.78	40.8	40.78	200	False
2026-02-20 11:44:15.557	40.77	40.78	40.77	100	False
2026-02-20 11:44:15.905	40.77	40.78	40.75	100	False
2026-02-20 11:44:30.190	40.75	40.76	40.75	200	False
2026-02-20 11:44:36.992	40.74	40.77	40.74	300	False
2026-02-20 11:44:37.361	40.74	40.76	40.76	100	True
2026-02-20 11:44:37.433	40.74	40.76	40.77	100	True
2026-02-20 11:44:37.541	40.74	40.76	40.77	100	True
2026-02-20 11:44:37.781	40.74	40.77	40.77	100	True
2026-02-20 11:44:37.939	40.74	40.77	40.74	1400	False
2026-02-20 11:44:57.328	40.74	40.76	40.74	300	False
2026-02-20 11:44:57.333	40.74	40.76	40.74	100	False
2026-02-20 11:45:00.256	40.73	40.75	40.75	3200	True
2026-02-20 11:45:16.894	40.74	40.76	40.76	1000	True
2026-02-20 11:45:16.914	40.74	40.76	40.77	800	True
2026-02-20 11:45:16.917	40.74	40.76	40.77	100	True
2026-02-20 11:45:16.917	40.74	40.76	40.78	700	True
2026-02-20 11:45:16.920	40.74	40.76	40.78	1700	True
2026-02-20 11:45:16.940	40.74	40.76	40.78	2600	True
2026-02-20 11:45:16.940	40.74	40.76	40.78	800	True
2026-02-20 11:45:17.297	40.77	40.79	40.77	100	False
2026-02-20 11:45:21.891	40.76	40.79	40.76	100	False
2026-02-20 11:45:21.895	40.76	40.79	40.76	100	False
2026-02-20 11:45:21.907	40.76	40.79	40.76	700	False
2026-02-20 11:45:21.912	40.76	40.79	40.76	100	False
2026-02-20 11:45:21.913	40.76	40.79	40.76	200	False
2026-02-20 11:45:21.951	40.76	40.79	40.76	100	False
2026-02-20 11:45:21.981	40.76	40.79	40.76	100	False
2026-02-20 11:45:22.004	40.76	40.79	40.76	200	False
2026-02-20 11:45:22.036	40.76	40.79	40.76	100	False
2026-02-20 11:45:32.884	40.77	40.8	40.77	1000	False
2026-02-20 11:45:32.887	40.77	40.8	40.77	400	False
2026-02-20 11:45:43.055	40.75	40.77	40.76	800	True
2026-02-20 11:45:45.006	40.75	40.77	40.77	100	True
2026-02-20 11:46:01.397	40.75	40.77	40.75	100	False
2026-02-20 11:46:01.400	40.75	40.77	40.75	100	False
2026-02-20 11:46:01.401	40.75	40.77	40.75	1700	False
2026-02-20 11:46:01.412	40.75	40.77	40.75	400	False
2026-02-20 11:46:01.412	40.75	40.77	40.75	400	False
2026-02-20 11:46:01.438	40.75	40.77	40.75	3700	False
2026-02-20 11:46:01.466	40.75	40.77	40.75	1000	False
2026-02-20 11:46:01.467	40.75	40.77	40.77	3200	True
2026-02-20 11:46:02.180	40.76	40.78	40.76	200	False
2026-02-20 11:46:28.816	40.76	40.79	40.77	100	True
2026-02-20 11:46:30.189	40.76	40.79	40.76	700	False
2026-02-20 11:46:30.202	40.76	40.79	40.76	300	False
2026-02-20 11:46:30.363	40.76	40.77	40.77	100	True
2026-02-20 11:46:30.394	40.76	40.77	40.76	200	False
2026-02-20 11:46:33.479	40.76	40.77	40.78	300	True
2026-02-20 11:46:33.892	40.77	40.78	40.77	2000	False
2026-02-20 11:46:33.894	40.77	40.78	40.77	200	False
2026-02-20 11:46:34.714	40.75	40.77	40.77	100	True
2026-02-20 11:46:34.720	40.75	40.77	40.78	100	True
2026-02-20 11:46:36.435	40.77	40.78	40.77	100	False
2026-02-20 11:46:38.754	40.76	40.79	40.76	100	False
2026-02-20 11:46:59.849	40.76	40.78	40.76	100	False
2026-02-20 11:47:03.957	40.76	40.78	40.77	1000	True
2026-02-20 11:47:10.401	40.77	40.78	40.77	200	False
2026-02-20 11:47:10.466	40.77	40.78	40.76	1800	False
2026-02-20 11:47:21.605	40.76	40.78	40.77	800	True
2026-02-20 11:47:21.631	40.76	40.78	40.76	200	False
2026-02-20 11:47:37.942	40.75	40.77	40.77	400	True
2026-02-20 11:47:38.070	40.75	40.77	40.75	100	False
2026-02-20 11:47:45.181	40.75	40.78	40.75	8900	False
2026-02-20 11:47:45.182	40.75	40.78	40.75	30300	False
2026-02-20 11:47:45.185	40.75	40.78	40.75	20700	False
2026-02-20 11:47:45.187	40.75	40.78	40.75	3800	False
2026-02-20 11:47:45.213	40.75	40.78	40.74	2100	False
2026-02-20 11:47:45.215	40.75	40.78	40.73	600	False
2026-02-20 11:47:45.216	40.75	40.78	40.72	1300	False
2026-02-20 11:47:45.216	40.75	40.78	40.71	2900	False
2026-02-20 11:47:45.216	40.75	40.78	40.71	4200	False
2026-02-20 11:47:45.217	40.75	40.78	40.71	2400	False
2026-02-20 11:47:45.218	40.75	40.78	40.7	7400	False
2026-02-20 11:47:45.218	40.75	40.78	40.7	500	False
2026-02-20 11:47:45.291	40.69	40.74	40.69	200	False
2026-02-20 11:47:45.307	40.69	40.74	40.71	100	True
2026-02-20 11:47:45.311	40.69	40.74	40.71	200	True
2026-02-20 11:47:45.312	40.69	40.74	40.71	400	True
2026-02-20 11:47:45.330	40.69	40.74	40.7	100	True
2026-02-20 11:47:45.334	40.69	40.74	40.68	2000	False
2026-02-20 11:47:45.338	40.69	40.74	40.69	100	False
2026-02-20 11:47:45.338	40.69	40.74	40.68	100	False
2026-02-20 11:47:45.340	40.69	40.74	40.68	100	False
2026-02-20 11:47:45.371	40.69	40.74	40.68	1300	False
2026-02-20 11:47:45.385	40.69	40.74	40.68	200	False
2026-02-20 11:47:45.412	40.69	40.74	40.68	1000	False
2026-02-20 11:47:45.423	40.69	40.74	40.68	100	False
2026-02-20 11:47:45.448	40.69	40.74	40.69	100	False
2026-02-20 11:47:45.488	40.69	40.74	40.69	100	False
2026-02-20 11:47:45.492	40.69	40.74	40.69	100	False
2026-02-20 11:47:45.541	40.69	40.74	40.69	100	False
2026-02-20 11:47:45.587	40.69	40.74	40.69	100	False
2026-02-20 11:47:45.609	40.68	40.69	40.69	100	True
2026-02-20 11:47:45.655	40.68	40.69	40.69	100	True
2026-02-20 11:47:45.678	40.68	40.69	40.69	100	True
2026-02-20 11:47:45.721	40.68	40.69	40.68	11200	False
2026-02-20 11:47:45.899	40.68	40.69	40.7	100	True
2026-02-20 11:47:45.904	40.68	40.69	40.7	100	True
2026-02-20 11:47:45.916	40.68	40.69	40.7	1000	True
2026-02-20 11:47:45.968	40.69	40.7	40.7	100	True
2026-02-20 11:47:46.049	40.69	40.7	40.7	100	True
2026-02-20 11:47:46.077	40.69	40.7	40.7	300	True
2026-02-20 11:47:46.171	40.69	40.7	40.7	100	True
2026-02-20 11:47:46.277	40.69	40.7	40.69	300	False
2026-02-20 11:47:46.297	40.69	40.7	40.69	3700	False
2026-02-20 11:47:46.304	40.68	40.69	40.68	600	False
2026-02-20 11:47:46.304	40.68	40.69	40.67	300	False
2026-02-20 11:47:46.305	40.68	40.69	40.69	300	True
2026-02-20 11:47:46.306	40.68	40.69	40.67	200	False
2026-02-20 11:47:46.309	40.68	40.69	40.67	200	False
2026-02-20 11:47:46.311	40.68	40.69	40.67	200	False
2026-02-20 11:47:46.312	40.68	40.69	40.69	300	True
2026-02-20 11:47:46.313	40.68	40.69	40.67	300	False
2026-02-20 11:47:46.314	40.68	40.69	40.69	300	True
2026-02-20 11:47:46.317	40.68	40.69	40.67	200	False
2026-02-20 11:47:46.317	40.68	40.69	40.69	300	True
2026-02-20 11:47:46.324	40.68	40.69	40.67	200	False
2026-02-20 11:47:46.325	40.68	40.69	40.69	300	True
2026-02-20 11:47:46.329	40.68	40.69	40.69	100	True
2026-02-20 11:47:46.330	40.68	40.69	40.67	200	False
2026-02-20 11:47:46.331	40.68	40.69	40.69	100	True
2026-02-20 11:47:46.331	40.68	40.69	40.7	200	True
2026-02-20 11:47:46.338	40.68	40.69	40.67	200	False
2026-02-20 11:47:46.338	40.68	40.69	40.69	400	True
2026-02-20 11:47:46.343	40.68	40.69	40.67	100	False
2026-02-20 11:47:46.344	40.68	40.69	40.69	200	True
2026-02-20 11:47:46.379	40.68	40.69	40.69	200	True
2026-02-20 11:47:46.428	40.68	40.69	40.69	100	True
2026-02-20 11:47:46.453	40.68	40.69	40.69	100	True
2026-02-20 11:47:46.520	40.68	40.69	40.69	100	True
2026-02-20 11:47:46.570	40.68	40.69	40.69	100	True
2026-02-20 11:47:46.599	40.68	40.69	40.69	100	True
2026-02-20 11:47:46.647	40.68	40.69	40.69	100	True
2026-02-20 11:47:46.989	40.67	40.69	40.69	100	True
2026-02-20 11:47:47.054	40.67	40.69	40.69	100	True
2026-02-20 11:47:47.116	40.67	40.69	40.69	100	True
2026-02-20 11:47:47.218	40.67	40.69	40.69	100	True
2026-02-20 11:47:47.286	40.67	40.69	40.69	100	True
2026-02-20 11:47:48.096	40.67	40.69	40.67	2800	False
2026-02-20 11:47:48.529	40.67	40.69	40.67	14300	False
2026-02-20 11:47:48.530	40.67	40.69	40.66	400	False
2026-02-20 11:47:49.114	40.65	40.67	40.67	100	True
2026-02-20 11:47:49.216	40.65	40.67	40.65	4200	False
2026-02-20 11:47:49.217	40.65	40.67	40.65	7000	False
2026-02-20 11:47:49.268	40.65	40.67	40.67	200	True
2026-02-20 11:47:49.291	40.65	40.67	40.68	400	True
2026-02-20 11:47:49.324	40.65	40.67	40.68	100	True
2026-02-20 11:47:49.426	40.65	40.67	40.67	400	True
2026-02-20 11:47:49.543	40.66	40.67	40.66	300	False
2026-02-20 11:47:49.543	40.66	40.67	40.65	100	False
2026-02-20 11:47:49.543	40.66	40.67	40.65	4300	False
2026-02-20 11:47:49.543	40.66	40.67	40.64	1500	False
2026-02-20 11:47:49.588	40.66	40.67	40.67	100	True
2026-02-20 11:47:49.679	40.66	40.67	40.67	100	True
2026-02-20 11:47:49.735	40.66	40.67	40.67	100	True
2026-02-20 11:47:49.798	40.66	40.67	40.67	100	True
2026-02-20 11:47:49.918	40.65	40.67	40.67	100	True
2026-02-20 11:47:49.984	40.65	40.67	40.67	100	True
2026-02-20 11:47:50.105	40.65	40.67	40.67	100	True
2026-02-20 11:47:50.528	40.65	40.66	40.66	100	True
2026-02-20 11:47:50.991	40.65	40.67	40.66	100	True
2026-02-20 11:47:53.653	40.65	40.67	40.67	100	True
2026-02-20 11:47:53.734	40.65	40.67	40.67	100	True
2026-02-20 11:47:56.008	40.65	40.67	40.65	200	False
2026-02-20 11:47:56.015	40.65	40.67	40.64	400	False
2026-02-20 11:47:56.082	40.65	40.67	40.63	1100	False
2026-02-20 11:47:56.125	40.62	40.63	40.63	100	True
2026-02-20 11:47:56.148	40.62	40.63	40.62	100	False
2026-02-20 11:47:56.208	40.62	40.63	40.64	100	True
2026-02-20 11:47:56.214	40.62	40.63	40.61	1800	False
2026-02-20 11:47:56.214	40.62	40.63	40.61	300	False
2026-02-20 11:47:56.259	40.62	40.63	40.63	100	True
2026-02-20 11:47:56.340	40.62	40.63	40.63	100	True
2026-02-20 11:47:56.383	40.62	40.63	40.63	100	True
2026-02-20 11:47:56.417	40.62	40.63	40.63	100	True
2026-02-20 11:47:56.459	40.6	40.63	40.63	100	True
2026-02-20 11:47:56.504	40.6	40.63	40.63	100	True
2026-02-20 11:47:56.576	40.6	40.63	40.63	100	True
2026-02-20 11:47:56.648	40.6	40.63	40.63	100	True
2026-02-20 11:47:56.706	40.6	40.63	40.63	100	True
2026-02-20 11:47:56.793	40.6	40.63	40.63	100	True
2026-02-20 11:47:56.908	40.6	40.63	40.63	100	True
2026-02-20 11:47:56.996	40.6	40.63	40.63	100	True
2026-02-20 11:47:57.062	40.6	40.63	40.63	100	True
2026-02-20 11:48:04.035	40.62	40.64	40.62	400	False
2026-02-20 11:48:04.136	40.61	40.62	40.61	200	False
2026-02-20 11:48:05.084	40.6	40.62	40.6	900	False
2026-02-20 11:48:05.084	40.6	40.62	40.6	1800	False
2026-02-20 11:48:05.357	40.58	40.6	40.6	100	True
2026-02-20 11:48:28.473	40.6	40.62	40.6	200	False
2026-02-20 11:48:28.808	40.6	40.62	40.6	400	False
2026-02-20 11:48:29.032	40.57	40.6	40.6	3100	True
2026-02-20 11:48:31.227	40.57	40.59	40.59	900	True
2026-02-20 11:48:31.284	40.57	40.59	40.61	900	True
2026-02-20 11:48:31.309	40.57	40.59	40.61	900	True
2026-02-20 11:48:31.338	40.57	40.59	40.61	100	True
2026-02-20 11:48:31.342	40.57	40.59	40.61	800	True
2026-02-20 11:48:43.350	40.59	40.6	40.6	100	True
2026-02-20 11:48:45.859	40.59	40.6	40.6	500	True
2026-02-20 11:48:45.859	40.59	40.6	40.61	200	True
2026-02-20 11:48:48.777	40.59	40.61	40.59	900	False
2026-02-20 11:48:48.868	40.59	40.61	40.6	2100	True
2026-02-20 11:48:48.877	40.59	40.61	40.61	4600	True
2026-02-20 11:48:48.884	40.59	40.61	40.61	100	True
2026-02-20 11:48:48.886	40.59	40.61	40.61	1400	True
2026-02-20 11:48:50.243	40.59	40.62	40.59	400	False
2026-02-20 11:48:50.243	40.59	40.62	40.59	200	False
2026-02-20 11:48:52.992	40.59	40.62	40.61	400	True
2026-02-20 11:48:53.576	40.58	40.6	40.6	1300	True
2026-02-20 11:48:53.585	40.58	40.6	40.6	800	True
2026-02-20 11:48:53.847	40.58	40.6	40.6	700	True
2026-02-20 11:48:55.724	40.58	40.59	40.59	100	True
2026-02-20 11:48:55.729	40.58	40.59	40.59	100	True
2026-02-20 11:48:58.488	40.58	40.6	40.6	500	True
2026-02-20 11:49:03.488	40.59	40.6	40.6	900	True
2026-02-20 11:49:06.028	40.6	40.61	40.6	800	False
2026-02-20 11:49:06.700	40.59	40.6	40.6	100	True
2026-02-20 11:49:11.030	40.59	40.61	40.6	700	True
2026-02-20 11:49:11.030	40.59	40.61	40.61	500	True
2026-02-20 11:49:17.310	40.59	40.61	40.61	100	True
2026-02-20 11:49:17.310	40.59	40.61	40.61	400	True
