time_msc	bid	ask	last	volume	buy
2026-02-20 10:03:45.387	84.1	65.0	83.8	300	True
2026-02-20 10:03:45.387	84.1	65.0	83.8	1100	True
2026-02-20 10:03:45.387	84.1	65.0	83.8	13100	True
2026-02-20 10:03:45.387	84.1	65.0	83.8	6800	True
2026-02-20 10:03:45.387	84.1	65.0	83.8	10100	True
2026-02-20 10:03:45.387	84.1	65.0	83.8	7700	True
2026-02-20 10:03:45.387	84.1	65.0	83.8	24400	True
2026-02-20 10:03:45.387	84.1	65.0	83.8	1200	True
2026-02-20 10:03:45.389	84.1	65.0	83.8	100	True
2026-02-20 10:03:45.414	84.1	65.0	83.8	500	True
2026-02-20 10:03:45.421	84.1	65.0	83.8	900	True
2026-02-20 10:03:45.430	84.1	65.0	83.8	700	True
2026-02-20 10:03:45.432	84.1	65.0	83.8	500	True
2026-02-20 10:03:45.435	84.1	65.0	83.8	100	True
2026-02-20 10:03:45.441	84.1	65.0	83.8	500	True
2026-02-20 10:03:45.512	83.8	83.86	83.86	100	True
2026-02-20 10:03:45.516	83.8	83.86	83.8	500	False
2026-02-20 10:03:45.517	83.8	83.86	83.86	100	True
2026-02-20 10:03:45.527	83.8	83.86	83.8	300	False
2026-02-20 10:03:45.548	83.8	83.86	83.86	200	True
2026-02-20 10:03:45.552	83.8	83.86	83.86	200	True
2026-02-20 10:03:45.552	83.8	83.86	83.87	300	True
2026-02-20 10:03:45.584	83.8	83.86	83.86	100	True
2026-02-20 10:03:45.608	83.8	83.86	83.84	400	True
2026-02-20 10:03:45.613	83.8	83.86	83.84	100	True
2026-02-20 10:03:45.643	83.8	83.86	83.84	100	True
2026-02-20 10:03:45.672	83.8	83.86	83.85	100	True
2026-02-20 10:03:45.677	83.8	83.86	83.87	100	True
2026-02-20 10:03:45.737	83.8	83.86	83.87	100	True
2026-02-20 10:03:45.974	83.8	83.87	83.87	100	True
2026-02-20 10:03:46.247	83.8	83.86	83.8	400	False
2026-02-20 10:03:46.387	83.8	83.86	83.8	500	False
2026-02-20 10:03:46.387	83.8	83.86	83.78	100	False
2026-02-20 10:03:46.389	83.8	83.86	83.77	300	False
2026-02-20 10:03:46.389	83.8	83.86	83.76	1700	False
2026-02-20 10:03:46.391	83.8	83.86	83.78	500	False
2026-02-20 10:03:46.393	83.8	83.86	83.77	600	False
2026-02-20 10:03:46.420	83.8	83.86	83.79	100	False
2026-02-20 10:03:46.534	83.74	83.79	83.79	100	True
2026-02-20 10:03:46.592	83.74	83.79	83.74	500	False
2026-02-20 10:03:46.865	83.74	83.78	83.74	1500	False
2026-02-20 10:03:47.112	83.74	83.78	83.73	500	False
2026-02-20 10:03:47.118	83.74	83.78	83.71	200	False
2026-02-20 10:03:47.125	83.74	83.78	83.7	2700	False
2026-02-20 10:03:50.442	83.61	83.62	83.62	100	True
2026-02-20 10:03:50.443	83.61	83.62	83.61	300	False
2026-02-20 10:03:50.443	83.61	83.62	83.63	400	True
2026-02-20 10:03:50.445	83.61	83.62	83.64	1400	True
2026-02-20 10:03:50.460	83.61	83.62	83.63	1100	True
2026-02-20 10:03:50.470	83.61	83.62	83.63	100	True
2026-02-20 10:03:52.276	83.62	83.65	83.63	100	True
2026-02-20 10:03:52.276	83.62	83.65	83.62	100	False
2026-02-20 10:03:52.277	83.62	83.65	83.62	100	False
2026-02-20 10:03:52.479	83.61	83.65	83.61	100	False
2026-02-20 10:03:52.599	83.61	83.65	83.6	100	False
2026-02-20 10:03:54.217	83.6	83.64	83.64	100	True
2026-02-20 10:03:54.743	83.6	83.64	83.64	100	True
2026-02-20 10:03:56.943	83.61	83.64	83.61	400	False
2026-02-20 10:03:56.943	83.61	83.64	83.6	200	False
2026-02-20 10:03:57.107	83.6	83.67	83.63	200	True
2026-02-20 10:03:57.344	83.6	83.67	83.64	300	True
2026-02-20 10:03:59.263	83.63	83.69	83.64	100	True
2026-02-20 10:04:11.644	83.64	83.65	83.64	900	False
2026-02-20 10:04:11.645	83.64	83.65	83.64	300	False
2026-02-20 10:04:11.843	83.61	83.64	83.62	200	True
2026-02-20 10:04:11.843	83.61	83.64	83.62	100	True
2026-02-20 10:04:12.976	83.62	83.63	83.62	100	False
2026-02-20 10:04:13.142	83.61	83.62	83.62	100	True
2026-02-20 10:04:14.444	83.61	83.62	83.61	100	False
2026-02-20 10:04:18.840	83.61	83.62	83.62	100	True
2026-02-20 10:04:18.840	83.61	83.62	83.62	200	True
2026-02-20 10:04:18.903	83.61	83.62	83.64	200	True
2026-02-20 10:04:18.908	83.61	83.62	83.65	3000	True
2026-02-20 10:04:19.085	83.63	83.68	83.68	100	True
2026-02-20 10:04:23.188	83.64	83.68	83.64	100	False
2026-02-20 10:04:23.352	83.64	83.68	83.68	200	True
2026-02-20 10:04:23.549	83.64	83.68	83.68	100	True
2026-02-20 10:04:23.616	83.64	83.68	83.68	100	True
2026-02-20 10:04:23.684	83.64	83.68	83.68	300	True
2026-02-20 10:04:23.684	83.64	83.68	83.69	400	True
2026-02-20 10:04:23.684	83.64	83.68	83.7	300	True
2026-02-20 10:04:24.289	83.64	83.69	83.64	400	False
2026-02-20 10:04:24.297	83.63	83.66	83.63	100	False
2026-02-20 10:04:29.399	83.63	83.67	83.63	300	False
2026-02-20 10:04:29.399	83.63	83.67	83.62	500	False
2026-02-20 10:04:29.399	83.63	83.67	83.61	200	False
2026-02-20 10:04:29.708	83.61	83.66	83.61	100	False
2026-02-20 10:04:29.783	83.61	83.66	83.66	300	True
2026-02-20 10:04:29.783	83.61	83.66	83.67	200	True
2026-02-20 10:04:30.398	83.61	83.67	83.61	100	False
2026-02-20 10:04:31.501	83.61	83.67	83.61	100	False
2026-02-20 10:04:31.665	83.61	83.67	83.67	100	True
2026-02-20 10:04:35.109	83.61	83.66	83.66	100	True
2026-02-20 10:04:35.900	83.61	83.66	83.66	100	True
2026-02-20 10:04:36.933	83.61	83.65	83.61	200	False
2026-02-20 10:04:38.934	83.61	83.65	83.61	1400	False
2026-02-20 10:04:39.096	83.6	83.63	83.63	100	True
2026-02-20 10:04:40.496	83.6	83.63	83.62	400	True
2026-02-20 10:04:42.314	83.6	83.63	83.63	100	True
2026-02-20 10:04:42.315	83.6	83.63	83.6	2100	False
2026-02-20 10:04:42.394	83.6	83.63	83.62	300	True
2026-02-20 10:04:42.394	83.6	83.63	83.63	200	True
2026-02-20 10:04:42.669	83.58	83.63	83.61	100	True
2026-02-20 10:04:43.168	83.58	83.62	83.61	9000	True
2026-02-20 10:04:43.342	83.58	83.62	83.61	5400	True
2026-02-20 10:04:43.995	83.58	83.62	83.58	6900	False
2026-02-20 10:04:44.029	83.58	83.62	83.61	300	True
2026-02-20 10:04:44.033	83.58	83.62	83.62	500	True
2026-02-20 10:04:45.396	83.61	83.63	83.63	2900	True
2026-02-20 10:04:45.398	83.61	83.63	83.64	200	True
2026-02-20 10:04:45.401	83.61	83.63	83.63	100	True
2026-02-20 10:04:45.754	83.63	83.68	83.68	100	True
2026-02-20 10:04:45.822	83.63	83.68	83.68	600	True
2026-02-20 10:04:46.347	83.63	83.68	83.68	100	True
2026-02-20 10:04:46.917	83.63	83.68	83.68	4500	True
2026-02-20 10:04:46.917	83.63	83.68	83.64	1100	True
2026-02-20 10:04:47.197	83.66	83.69	83.66	100	False
2026-02-20 10:04:47.741	83.66	83.69	83.66	100	False
2026-02-20 10:04:47.741	83.66	83.69	83.65	100	False
2026-02-20 10:04:47.741	83.66	83.69	83.64	800	False
2026-02-20 10:04:47.745	83.66	83.69	83.64	1400	False
2026-02-20 10:04:47.906	83.63	83.69	83.68	100	True
2026-02-20 10:04:48.518	83.64	83.7	83.64	100	False
2026-02-20 10:04:53.303	83.64	83.7	83.64	700	False
2026-02-20 10:04:53.466	83.64	83.69	83.69	100	True
2026-02-20 10:04:55.583	83.64	83.69	83.67	100	True
2026-02-20 10:04:55.587	83.64	83.69	83.69	1000	True
2026-02-20 10:04:55.889	83.65	83.7	83.65	200	False
2026-02-20 10:04:55.945	83.65	83.7	83.7	100	True
2026-02-20 10:04:55.997	83.65	83.7	83.7	100	True
2026-02-20 10:05:00.814	83.65	83.7	83.7	2000	True
2026-02-20 10:05:00.818	83.65	83.7	83.68	3000	True
2026-02-20 10:05:01.057	83.67	83.72	83.67	1900	False
2026-02-20 10:05:01.073	83.67	83.72	83.66	300	False
2026-02-20 10:05:01.174	83.67	83.72	83.72	200	True
2026-02-20 10:05:01.372	83.67	83.72	83.73	100	True
2026-02-20 10:05:02.077	83.68	83.73	83.68	900	False
2026-02-20 10:05:02.849	83.67	83.73	83.67	1200	False
2026-02-20 10:05:03.034	83.67	83.73	83.67	300	False
2026-02-20 10:05:04.462	83.67	83.73	83.68	100	True
2026-02-20 10:05:04.462	83.67	83.73	83.67	2100	False
2026-02-20 10:05:04.624	83.66	83.73	83.73	100	True
2026-02-20 10:05:08.630	83.67	83.73	83.67	500	False
2026-02-20 10:05:08.633	83.67	83.73	83.67	2800	False
2026-02-20 10:05:08.657	83.67	83.73	83.67	800	False
2026-02-20 10:05:08.794	83.67	83.72	83.72	200	True
2026-02-20 10:05:09.944	83.67	83.73	83.69	100	True
2026-02-20 10:05:10.107	83.67	83.73	83.73	100	True
2026-02-20 10:05:15.780	83.67	83.73	83.72	100	True
2026-02-20 10:05:15.945	83.67	83.73	83.73	400	True
2026-02-20 10:05:16.144	83.68	83.74	83.74	100	True
2026-02-20 10:05:19.172	83.68	83.74	83.7	100	True
2026-02-20 10:05:19.174	83.68	83.74	83.7	400	True
2026-02-20 10:05:20.522	83.69	83.74	83.7	200	True
2026-02-20 10:05:24.764	83.69	83.74	83.73	1000	True
2026-02-20 10:05:29.199	83.7	83.74	83.71	100	True
2026-02-20 10:05:31.708	83.7	83.74	83.73	1000	True
2026-02-20 10:05:31.935	83.7	83.74	83.74	200	True
2026-02-20 10:05:31.935	83.7	83.74	83.74	200	True
2026-02-20 10:05:31.941	83.7	83.74	83.74	1600	True
2026-02-20 10:05:32.099	83.7	83.74	83.74	100	True
2026-02-20 10:05:32.297	83.7	83.75	83.75	400	True
2026-02-20 10:05:32.495	83.7	83.75	83.76	400	True
2026-02-20 10:05:33.239	83.71	83.76	83.75	100	True
2026-02-20 10:05:35.112	83.71	83.76	83.76	100	True
2026-02-20 10:05:38.002	83.72	83.76	83.72	800	False
2026-02-20 10:05:38.007	83.72	83.76	83.72	300	False
2026-02-20 10:05:38.185	83.71	83.75	83.75	100	True
2026-02-20 10:05:38.185	83.71	83.75	83.76	100	True
2026-02-20 10:05:39.996	83.72	83.76	83.76	100	True
2026-02-20 10:05:40.160	83.72	83.76	83.76	700	True
2026-02-20 10:05:41.666	83.72	83.77	83.72	100	False
2026-02-20 10:05:41.955	83.72	83.77	83.76	1000	True
2026-02-20 10:05:54.081	83.72	83.77	83.76	100	True
2026-02-20 10:05:54.089	83.72	83.77	83.77	7000	True
2026-02-20 10:05:54.089	83.72	83.77	83.77	500	True
2026-02-20 10:05:54.483	83.78	83.84	83.84	200	True
2026-02-20 10:05:54.483	83.78	83.84	83.84	600	True
2026-02-20 10:05:54.492	83.78	83.84	83.83	3100	True
2026-02-20 10:05:54.589	83.78	83.84	83.82	200	True
2026-02-20 10:05:54.682	83.79	83.83	83.83	100	True
2026-02-20 10:05:56.241	83.76	83.82	83.76	100	False
2026-02-20 10:05:59.406	83.77	83.82	83.81	100	True
2026-02-20 10:06:00.113	83.8	83.83	83.83	200	True
2026-02-20 10:06:01.256	83.8	83.83	83.8	300	False
2026-02-20 10:06:01.263	83.8	83.83	83.8	400	False
2026-02-20 10:06:03.320	83.77	83.82	83.77	600	False
2026-02-20 10:06:03.325	83.77	83.82	83.76	300	False
2026-02-20 10:06:03.326	83.77	83.82	83.77	200	False
2026-02-20 10:06:03.487	83.76	83.8	83.8	200	True
2026-02-20 10:06:05.105	83.76	83.81	83.81	100	True
2026-02-20 10:06:05.105	83.76	83.81	83.82	400	True
2026-02-20 10:06:05.802	83.76	83.82	83.81	100	True
2026-02-20 10:06:07.023	83.76	83.82	83.8	500	True
2026-02-20 10:06:07.187	83.76	83.82	83.81	100	True
2026-02-20 10:06:12.844	83.77	83.82	83.77	500	False
2026-02-20 10:06:13.007	83.77	83.82	83.82	400	True
2026-02-20 10:06:14.273	83.77	83.82	83.81	100	True
2026-02-20 10:06:15.208	83.77	83.82	83.82	100	True
2026-02-20 10:06:15.640	83.77	83.82	83.81	100	True
2026-02-20 10:06:16.475	83.77	83.82	83.81	100	True
2026-02-20 10:06:18.495	83.77	83.8	83.79	100	True
2026-02-20 10:06:19.311	83.77	83.81	83.78	100	True
2026-02-20 10:06:19.617	83.77	83.81	83.81	100	True
2026-02-20 10:06:19.782	83.77	83.81	83.81	200	True
2026-02-20 10:06:20.916	83.77	83.8	83.77	500	False
2026-02-20 10:06:21.079	83.77	83.8	83.8	100	True
2026-02-20 10:06:22.452	83.76	83.8	83.79	100	True
2026-02-20 10:06:22.615	83.76	83.8	83.8	100	True
2026-02-20 10:06:22.777	83.76	83.8	83.81	100	True
2026-02-20 10:06:28.335	83.76	83.81	83.8	100	True
2026-02-20 10:06:30.117	83.76	83.81	83.81	300	True
2026-02-20 10:06:31.314	83.76	83.81	83.76	300	False
2026-02-20 10:06:31.318	83.76	83.81	83.76	400	False
2026-02-20 10:06:31.319	83.76	83.81	83.75	6100	False
2026-02-20 10:06:31.332	83.76	83.81	83.76	100	False
2026-02-20 10:06:31.332	83.76	83.81	83.75	200	False
2026-02-20 10:06:32.551	83.75	83.77	83.75	300	False
2026-02-20 10:06:32.605	83.75	83.77	83.73	100	False
2026-02-20 10:06:32.716	83.75	83.77	83.75	100	False
2026-02-20 10:06:34.044	83.72	83.75	83.75	400	True
2026-02-20 10:06:34.044	83.72	83.75	83.76	100	True
2026-02-20 10:06:34.044	83.72	83.75	83.77	400	True
2026-02-20 10:06:34.403	83.72	83.78	83.78	100	True
2026-02-20 10:06:35.934	83.72	83.78	83.72	200	False
2026-02-20 10:06:36.098	83.72	83.78	83.77	100	True
2026-02-20 10:06:38.273	83.72	83.77	83.77	300	True
2026-02-20 10:06:38.273	83.72	83.77	83.78	100	True
2026-02-20 10:06:38.435	83.72	83.77	83.77	100	True
2026-02-20 10:06:39.571	83.72	83.77	83.72	200	False
2026-02-20 10:06:39.578	83.72	83.77	83.72	400	False
2026-02-20 10:06:39.584	83.72	83.77	83.72	200	False
2026-02-20 10:06:40.203	83.7	83.76	83.76	100	True
2026-02-20 10:06:40.836	83.71	83.77	83.72	100	True
2026-02-20 10:06:40.951	83.71	83.77	83.71	200	False
2026-02-20 10:06:40.954	83.71	83.77	83.71	100	False
2026-02-20 10:06:40.962	83.71	83.77	83.71	400	False
2026-02-20 10:06:41.395	83.7	83.76	83.71	100	True
2026-02-20 10:06:47.893	83.7	83.76	83.75	200	True
2026-02-20 10:06:48.057	83.7	83.76	83.77	200	True
2026-02-20 10:06:48.255	83.71	83.78	83.78	300	True
2026-02-20 10:06:50.786	83.72	83.78	83.73	100	True
2026-02-20 10:06:53.884	83.72	83.79	83.72	300	False
2026-02-20 10:06:54.046	83.72	83.79	83.78	200	True
2026-02-20 10:06:59.247	83.73	83.78	83.73	200	False
2026-02-20 10:06:59.253	83.73	83.78	83.73	300	False
2026-02-20 10:06:59.268	83.73	83.78	83.73	100	False
2026-02-20 10:06:59.300	83.73	83.78	83.73	200	False
2026-02-20 10:06:59.410	83.72	83.76	83.76	100	True
2026-02-20 10:06:59.410	83.72	83.76	83.77	100	True
2026-02-20 10:07:00.463	83.72	83.78	83.72	100	False
2026-02-20 10:07:00.463	83.72	83.78	83.72	300	False
2026-02-20 10:07:00.470	83.72	83.78	83.72	300	False
2026-02-20 10:07:00.632	83.72	83.78	83.76	100	True
2026-02-20 10:07:06.671	83.72	83.77	83.73	100	True
2026-02-20 10:07:06.673	83.72	83.77	83.74	100	True
2026-02-20 10:07:10.120	83.72	83.77	83.77	400	True
2026-02-20 10:07:10.319	83.72	83.77	83.77	100	True
2026-02-20 10:07:14.467	83.72	83.77	83.76	100	True
2026-02-20 10:07:15.125	83.72	83.77	83.77	200	True
2026-02-20 10:07:16.171	83.75	83.77	83.76	1000	True
2026-02-20 10:07:17.705	83.75	83.77	83.76	100	True
2026-02-20 10:07:19.255	83.75	83.77	83.76	400	True
2026-02-20 10:07:24.821	83.75	83.77	83.76	100	True
2026-02-20 10:07:27.757	83.75	83.77	83.75	300	False
2026-02-20 10:07:27.763	83.75	83.77	83.74	500	False
2026-02-20 10:07:27.765	83.75	83.77	83.75	800	False
2026-02-20 10:07:27.927	83.75	83.77	83.76	100	True
2026-02-20 10:07:27.927	83.75	83.77	83.77	500	True
2026-02-20 10:07:28.662	83.74	83.77	83.74	100	False
2026-02-20 10:07:28.838	83.73	83.76	83.76	100	True
2026-02-20 10:07:28.838	83.73	83.76	83.77	500	True
2026-02-20 10:07:28.838	83.73	83.76	83.78	100	True
2026-02-20 10:07:28.838	83.73	83.76	83.78	500	True
2026-02-20 10:07:28.838	83.73	83.76	83.79	700	True
2026-02-20 10:07:28.838	83.73	83.76	83.8	100	True
2026-02-20 10:07:32.393	83.74	83.79	83.74	100	False
2026-02-20 10:07:32.543	83.74	83.79	83.78	100	True
2026-02-20 10:07:32.556	83.74	83.79	83.79	200	True
2026-02-20 10:07:32.753	83.74	83.8	83.8	100	True
2026-02-20 10:07:35.264	83.75	83.8	83.75	400	False
2026-02-20 10:07:35.273	83.75	83.8	83.75	100	False
2026-02-20 10:07:35.278	83.75	83.8	83.75	400	False
2026-02-20 10:07:35.861	83.74	83.75	83.75	1100	True
2026-02-20 10:07:38.432	83.74	83.78	83.74	1000	False
2026-02-20 10:07:38.435	83.74	83.78	83.74	200	False
2026-02-20 10:07:38.602	83.73	83.77	83.77	100	True
2026-02-20 10:07:39.981	83.73	83.78	83.73	200	False
2026-02-20 10:07:40.073	83.73	83.78	83.72	500	False
2026-02-20 10:07:40.074	83.73	83.78	83.71	100	False
2026-02-20 10:07:40.125	83.73	83.78	83.72	300	False
2026-02-20 10:07:45.814	83.71	83.76	83.75	100	True
2026-02-20 10:07:49.205	83.71	83.76	83.71	100	False
2026-02-20 10:07:49.208	83.71	83.76	83.71	200	False
2026-02-20 10:07:49.228	83.71	83.76	83.7	100	False
2026-02-20 10:07:49.235	83.71	83.76	83.7	900	False
2026-02-20 10:07:49.371	83.71	83.76	83.71	400	False
2026-02-20 10:07:53.810	83.7	83.71	83.7	300	False
2026-02-20 10:07:53.812	83.7	83.71	83.7	3200	False
2026-02-20 10:07:53.971	83.69	83.72	83.71	100	True
2026-02-20 10:07:54.169	83.69	83.72	83.72	200	True
2026-02-20 10:07:54.366	83.7	83.72	83.72	100	True
2026-02-20 10:08:05.126	83.7	83.75	83.75	400	True
2026-02-20 10:08:05.323	83.7	83.76	83.76	100	True
2026-02-20 10:08:06.374	83.7	83.76	83.76	1300	True
2026-02-20 10:08:06.379	83.7	83.76	83.76	400	True
2026-02-20 10:08:06.394	83.7	83.76	83.76	2700	True
2026-02-20 10:08:07.331	83.77	83.78	83.78	500	True
2026-02-20 10:08:11.010	83.77	83.78	83.78	300	True
2026-02-20 10:08:14.301	83.77	83.78	83.77	1000	False
2026-02-20 10:08:14.465	83.77	83.78	83.78	300	True
2026-02-20 10:08:15.486	83.77	83.78	83.78	300	True
2026-02-20 10:08:15.579	83.77	83.78	83.8	300	True
2026-02-20 10:08:15.591	83.77	83.78	83.81	300	True
2026-02-20 10:08:15.592	83.77	83.78	83.82	800	True
2026-02-20 10:08:15.756	83.8	83.83	83.83	1400	True
2026-02-20 10:08:15.756	83.8	83.83	83.84	100	True
2026-02-20 10:08:15.759	83.8	83.83	83.85	300	True
2026-02-20 10:08:20.126	83.83	83.87	83.87	200	True
2026-02-20 10:08:20.126	83.83	83.87	83.86	100	True
2026-02-20 10:08:20.439	83.85	83.87	83.86	200	True
2026-02-20 10:08:20.947	83.85	83.87	83.86	200	True
2026-02-20 10:08:23.367	83.85	83.87	83.87	500	True
2026-02-20 10:08:23.368	83.85	83.87	83.88	100	True
2026-02-20 10:08:23.739	83.88	83.9	83.9	300	True
2026-02-20 10:08:24.296	83.88	83.94	83.93	700	True
2026-02-20 10:08:24.296	83.88	83.94	83.94	400	True
2026-02-20 10:08:27.472	83.89	83.94	83.94	300	True
2026-02-20 10:08:27.637	83.89	83.94	83.94	100	True
2026-02-20 10:08:27.858	83.89	83.94	83.94	600	True
2026-02-20 10:08:27.859	83.89	83.94	83.94	100	True
2026-02-20 10:08:27.861	83.89	83.94	83.94	600	True
2026-02-20 10:08:27.866	83.89	83.94	83.94	700	True
2026-02-20 10:08:27.868	83.89	83.94	83.89	700	False
2026-02-20 10:08:28.122	83.89	83.93	83.91	1000	True
2026-02-20 10:08:28.122	83.89	83.93	83.91	2000	True
2026-02-20 10:08:28.124	83.89	83.93	83.91	1100	True
2026-02-20 10:08:30.953	83.91	83.94	83.92	100	True
2026-02-20 10:08:32.231	83.91	83.94	83.92	100	True
2026-02-20 10:08:35.861	83.91	83.94	83.93	200	True
2026-02-20 10:08:35.861	83.91	83.94	83.94	900	True
2026-02-20 10:08:35.861	83.91	83.94	83.95	700	True
2026-02-20 10:08:35.872	83.91	83.94	83.95	1200	True
2026-02-20 10:08:35.904	83.91	83.94	83.95	100	True
2026-02-20 10:08:35.904	83.91	83.94	83.96	400	True
2026-02-20 10:08:35.904	83.91	83.94	83.97	300	True
2026-02-20 10:08:36.032	83.91	83.97	83.95	100	True
2026-02-20 10:08:36.223	83.91	83.97	83.97	300	True
2026-02-20 10:08:37.958	83.91	83.97	83.92	100	True
2026-02-20 10:08:37.960	83.91	83.97	83.93	100	True
2026-02-20 10:08:38.011	83.91	83.97	83.92	100	True
2026-02-20 10:08:38.322	83.91	83.97	83.97	100	True
2026-02-20 10:08:40.128	83.91	83.97	83.97	100	True
2026-02-20 10:08:41.398	83.91	83.96	83.96	100	True
2026-02-20 10:08:43.505	83.91	83.96	83.91	1300	False
2026-02-20 10:08:43.515	83.91	83.96	83.91	200	False
2026-02-20 10:08:43.515	83.91	83.96	83.91	300	False
2026-02-20 10:08:43.537	83.91	83.96	83.91	1000	False
2026-02-20 10:08:43.538	83.91	83.96	83.91	1100	False
2026-02-20 10:08:43.540	83.91	83.96	83.91	1000	False
2026-02-20 10:08:43.541	83.91	83.96	83.91	100	False
2026-02-20 10:08:43.561	83.91	83.96	83.88	100	False
2026-02-20 10:08:43.675	83.86	83.9	83.9	100	True
2026-02-20 10:08:44.225	83.86	83.9	83.9	100	True
2026-02-20 10:08:44.839	83.86	83.9	83.86	100	False
2026-02-20 10:08:44.839	83.86	83.9	83.84	200	False
2026-02-20 10:08:44.839	83.86	83.9	83.84	200	False
2026-02-20 10:08:44.839	83.86	83.9	83.83	200	False
2026-02-20 10:08:44.839	83.86	83.9	83.84	100	False
2026-02-20 10:08:45.080	83.82	83.89	83.83	100	True
2026-02-20 10:08:48.255	83.82	83.85	83.85	200	True
2026-02-20 10:08:48.255	83.82	83.85	83.86	300	True
2026-02-20 10:08:48.255	83.82	83.85	83.87	200	True
2026-02-20 10:08:48.614	83.84	83.9	83.9	100	True
2026-02-20 10:08:48.812	83.84	83.9	83.91	100	True
2026-02-20 10:08:49.010	83.85	83.92	83.92	100	True
2026-02-20 10:08:49.592	83.85	83.92	83.9	100	True
2026-02-20 10:08:49.704	83.83	83.9	83.84	100	True
2026-02-20 10:08:51.366	83.83	83.89	83.84	100	True
2026-02-20 10:08:52.213	83.83	83.89	83.89	300	True
2026-02-20 10:08:52.213	83.83	83.89	83.9	200	True
2026-02-20 10:08:53.158	83.83	83.9	83.84	100	True
2026-02-20 10:08:55.735	83.83	83.89	83.89	100	True
2026-02-20 10:08:55.902	83.83	83.89	83.89	100	True
2026-02-20 10:08:56.064	83.83	83.89	83.9	100	True
2026-02-20 10:08:57.172	83.84	83.9	83.85	700000	True
2026-02-20 10:08:57.172	83.84	83.9	83.84	200	False
2026-02-20 10:09:01.055	83.84	83.9	83.84	100	False
2026-02-20 10:09:01.065	83.84	83.9	83.84	1100	False
2026-02-20 10:09:01.090	83.84	83.9	83.84	1200	False
2026-02-20 10:09:01.102	83.84	83.9	83.82	100	False
2026-02-20 10:09:01.107	83.84	83.9	83.82	1000	False
2026-02-20 10:09:01.224	83.84	83.88	83.89	100	True
2026-02-20 10:09:01.566	83.84	83.89	83.89	200	True
2026-02-20 10:09:01.568	83.84	83.89	83.9	700	True
2026-02-20 10:09:01.568	83.84	83.89	83.9	100	True
2026-02-20 10:09:01.572	83.84	83.89	83.91	800	True
2026-02-20 10:09:08.090	83.86	83.91	83.91	100	True
2026-02-20 10:09:08.252	83.86	83.91	83.91	100	True
2026-02-20 10:09:08.450	83.86	83.91	83.92	200	True
2026-02-20 10:09:08.648	83.88	83.94	83.94	100	True
2026-02-20 10:09:10.275	83.85	83.9	83.9	300	True
2026-02-20 10:09:12.731	83.85	83.9	83.9	1000	True
2026-02-20 10:09:14.572	83.85	83.9	83.86	100	True
2026-02-20 10:09:15.129	83.85	83.9	83.9	100	True
2026-02-20 10:09:15.473	83.85	83.9	83.86	100	True
2026-02-20 10:09:18.990	83.85	83.9	83.85	200	False
2026-02-20 10:09:19.154	83.85	83.88	83.88	100	True
2026-02-20 10:09:19.355	83.85	83.88	83.86	100	True
2026-02-20 10:09:21.715	83.85	83.88	83.88	500	True
2026-02-20 10:09:21.879	83.85	83.88	83.88	100	True
2026-02-20 10:09:22.148	83.85	83.88	83.85	1000	False
2026-02-20 10:09:22.152	83.85	83.88	83.85	700	False
2026-02-20 10:09:22.254	83.85	83.88	83.84	1100	False
2026-02-20 10:09:22.493	83.85	83.88	83.82	2100	False
2026-02-20 10:09:22.496	83.85	83.88	83.81	200	False
2026-02-20 10:09:23.152	83.8	83.84	83.8	900	False
2026-02-20 10:09:23.488	83.76	83.82	83.77	100	True
2026-02-20 10:09:28.147	83.76	83.81	83.81	100	True
2026-02-20 10:09:28.310	83.76	83.81	83.81	200	True
2026-02-20 10:09:31.163	83.76	83.77	83.76	1300	False
2026-02-20 10:09:31.525	83.76	83.81	83.81	100	True
2026-02-20 10:09:37.729	83.76	83.81	83.76	1900	False
2026-02-20 10:09:37.767	83.76	83.81	83.75	500	False
2026-02-20 10:09:37.891	83.76	83.81	83.78	200	True
2026-02-20 10:09:38.415	83.72	83.78	83.73	100	True
2026-02-20 10:09:40.089	83.72	83.79	83.79	100	True
2026-02-20 10:09:51.824	83.72	83.78	83.72	300	False
2026-02-20 10:09:51.824	83.72	83.78	83.71	300	False
2026-02-20 10:09:51.824	83.72	83.78	83.7	400	False
2026-02-20 10:09:51.837	83.72	83.78	83.7	600	False
2026-02-20 10:09:51.843	83.72	83.78	83.7	1400	False
2026-02-20 10:09:51.850	83.72	83.78	83.69	1400	False
2026-02-20 10:09:51.854	83.72	83.78	83.7	300	False
2026-02-20 10:09:51.867	83.72	83.78	83.69	1000	False
2026-02-20 10:09:51.867	83.72	83.78	83.7	800	False
2026-02-20 10:09:51.876	83.72	83.78	83.68	400	False
2026-02-20 10:09:51.876	83.72	83.78	83.67	200	False
2026-02-20 10:09:51.876	83.72	83.78	83.67	100	False
2026-02-20 10:09:51.876	83.72	83.78	83.66	700	False
2026-02-20 10:09:51.876	83.72	83.78	83.67	100	False
2026-02-20 10:09:51.987	83.65	83.7	83.69	400	True
2026-02-20 10:09:52.045	83.65	83.7	83.65	100	False
2026-02-20 10:09:52.045	83.65	83.7	83.64	900	False
2026-02-20 10:09:52.072	83.65	83.7	83.64	700	False
2026-02-20 10:09:52.324	83.64	83.69	83.69	600	True
2026-02-20 10:09:52.324	83.64	83.69	83.7	400	True
2026-02-20 10:09:54.395	83.64	83.7	83.64	500	False
2026-02-20 10:09:55.958	83.64	83.69	83.65	1000	True
2026-02-20 10:09:59.954	83.64	83.69	83.65	1000	True
2026-02-20 10:10:03.184	83.64	83.68	83.68	300	True
2026-02-20 10:10:03.185	83.64	83.68	83.69	600	True
2026-02-20 10:10:03.191	83.64	83.68	83.69	700	True
2026-02-20 10:10:03.191	83.64	83.68	83.7	500	True
2026-02-20 10:10:03.191	83.64	83.68	83.7	6500	True
2026-02-20 10:10:03.350	83.64	83.68	83.7	200	True
2026-02-20 10:10:03.367	83.64	83.68	83.7	200	True
2026-02-20 10:10:03.544	83.66	83.7	83.7	300	True
2026-02-20 10:10:03.787	83.66	83.7	83.67	1500	True
2026-02-20 10:10:04.185	83.66	83.7	83.67	200	True
2026-02-20 10:10:06.487	83.66	83.7	83.69	1000	True
2026-02-20 10:10:14.887	83.66	83.7	83.68	300	True
2026-02-20 10:10:15.297	83.66	83.7	83.66	100	False
2026-02-20 10:10:15.462	83.66	83.69	83.69	300	True
2026-02-20 10:10:24.768	83.66	83.69	83.66	600	False
2026-02-20 10:10:24.768	83.66	83.69	83.65	400	False
2026-02-20 10:10:24.768	83.66	83.69	83.64	600	False
2026-02-20 10:10:24.768	83.66	83.69	83.64	1600	False
2026-02-20 10:10:24.768	83.66	83.69	83.63	3500	False
2026-02-20 10:10:24.768	83.66	83.69	83.63	200	False
2026-02-20 10:10:24.768	83.66	83.69	83.62	3100	False
2026-02-20 10:10:24.928	83.62	83.69	83.69	200	True
2026-02-20 10:10:27.437	83.64	83.69	83.64	600	False
2026-02-20 10:10:27.444	83.64	83.69	83.64	700	False
2026-02-20 10:10:27.465	83.64	83.69	83.64	200	False
2026-02-20 10:10:27.471	83.64	83.69	83.64	100	False
2026-02-20 10:10:27.479	83.64	83.69	83.64	100	False
2026-02-20 10:10:27.480	83.64	83.69	83.64	100	False
2026-02-20 10:10:27.483	83.64	83.69	83.63	600	False
2026-02-20 10:10:27.484	83.64	83.69	83.63	700	False
2026-02-20 10:10:27.484	83.64	83.69	83.64	300	False
2026-02-20 10:10:27.484	83.64	83.69	83.64	500	False
2026-02-20 10:10:27.490	83.64	83.69	83.63	100	False
2026-02-20 10:10:27.501	83.64	83.69	83.64	100	False
2026-02-20 10:10:27.505	83.64	83.69	83.65	100	True
2026-02-20 10:10:30.825	83.65	83.67	83.67	200	True
2026-02-20 10:10:30.825	83.65	83.67	83.69	200	True
2026-02-20 10:10:34.699	83.65	83.66	83.66	100	True
2026-02-20 10:10:34.702	83.65	83.66	83.69	600	True
2026-02-20 10:10:34.704	83.65	83.66	83.69	1300	True
2026-02-20 10:10:35.058	83.65	83.68	83.68	100	True
2026-02-20 10:10:38.105	83.66	83.69	83.68	100	True
2026-02-20 10:10:47.530	83.66	83.69	83.66	100	False
2026-02-20 10:10:47.691	83.66	83.69	83.69	200	True
2026-02-20 10:11:00.136	83.66	83.69	83.69	300	True
2026-02-20 10:11:00.296	83.66	83.69	83.66	100	False
2026-02-20 10:11:20.632	83.66	83.69	83.69	1600	True
2026-02-20 10:11:20.636	83.66	83.69	83.7	800	True
2026-02-20 10:11:20.636	83.66	83.69	83.7	400	True
2026-02-20 10:11:20.661	83.66	83.69	83.7	100	True
2026-02-20 10:11:20.671	83.66	83.69	83.7	200	True
2026-02-20 10:11:20.798	83.67	83.7	83.67	300	False
2026-02-20 10:11:20.992	83.67	83.7	83.69	100	True
2026-02-20 10:11:20.992	83.67	83.7	83.7	200	True
2026-02-20 10:11:20.994	83.67	83.7	83.66	100	False
2026-02-20 10:11:21.002	83.67	83.7	83.66	800	False
2026-02-20 10:11:21.002	83.67	83.7	83.65	700	False
2026-02-20 10:11:21.002	83.67	83.7	83.64	100	False
2026-02-20 10:11:21.002	83.67	83.7	83.64	900	False
2026-02-20 10:11:21.004	83.67	83.7	83.63	900	False
2026-02-20 10:11:21.004	83.67	83.7	83.63	1100	False
2026-02-20 10:11:21.024	83.67	83.7	83.68	100	True
2026-02-20 10:11:21.036	83.67	83.7	83.68	200	True
2026-02-20 10:11:21.036	83.67	83.7	83.69	200	True
2026-02-20 10:11:21.191	83.64	83.7	83.64	300	False
2026-02-20 10:11:21.191	83.64	83.7	83.63	100	False
2026-02-20 10:11:21.197	83.64	83.7	83.69	100	True
2026-02-20 10:11:22.987	83.64	83.7	83.69	1000	True
2026-02-20 10:11:23.008	83.64	83.7	83.69	100	True
2026-02-20 10:11:23.347	83.65	83.7	83.65	100	False
2026-02-20 10:11:26.090	83.65	83.7	83.7	1100	True
2026-02-20 10:11:26.090	83.65	83.7	83.7	2800	True
2026-02-20 10:11:26.120	83.65	83.7	83.71	100	True
2026-02-20 10:11:26.178	83.65	83.7	83.78	300	True
2026-02-20 10:11:26.178	83.65	83.7	83.79	100	True
2026-02-20 10:11:26.185	83.65	83.7	83.74	700	True
2026-02-20 10:11:26.187	83.65	83.7	83.8	100	True
2026-02-20 10:11:26.187	83.65	83.7	83.74	500	True
2026-02-20 10:11:26.189	83.65	83.7	83.74	300	True
2026-02-20 10:11:26.202	83.65	83.7	83.79	100	True
2026-02-20 10:11:26.202	83.65	83.7	83.74	100	True
2026-02-20 10:11:26.229	83.65	83.7	83.74	100	True
2026-02-20 10:11:26.230	83.65	83.7	83.74	200	True
2026-02-20 10:11:26.230	83.65	83.7	83.74	2100	True
2026-02-20 10:11:26.244	83.65	83.7	83.79	100	True
2026-02-20 10:11:26.250	83.65	83.7	83.79	100	True
2026-02-20 10:11:26.250	83.65	83.7	83.79	100	True
2026-02-20 10:11:26.254	83.65	83.7	83.72	100	True
2026-02-20 10:11:26.434	83.71	83.77	83.76	100	True
2026-02-20 10:11:26.447	83.71	83.77	83.77	100	True
2026-02-20 10:11:26.497	83.71	83.77	83.76	100	True
2026-02-20 10:11:26.513	83.71	83.77	83.76	100	True
2026-02-20 10:11:26.521	83.71	83.77	83.77	100	True
2026-02-20 10:11:26.889	83.71	83.77	83.71	400	False
2026-02-20 10:11:27.087	83.71	83.77	83.7	300	False
2026-02-20 10:11:27.472	83.7	83.75	83.7	300	False
2026-02-20 10:11:27.477	83.7	83.75	83.75	100	True
2026-02-20 10:11:32.758	83.7	83.75	83.7	500	False
2026-02-20 10:11:32.931	83.7	83.75	83.73	100	True
2026-02-20 10:11:33.638	83.7	83.74	83.7	100	False
2026-02-20 10:11:33.642	83.7	83.74	83.68	400	False
2026-02-20 10:11:33.661	83.7	83.74	83.7	100	False
2026-02-20 10:11:33.961	83.66	83.7	83.66	100	False
2026-02-20 10:11:48.545	83.66	83.7	83.69	1000	True
2026-02-20 10:11:48.551	83.66	83.7	83.7	100	True
2026-02-20 10:11:48.718	83.66	83.7	83.7	100	True
2026-02-20 10:11:49.982	83.66	83.7	83.66	900	False
2026-02-20 10:11:49.982	83.66	83.7	83.66	1600	False
2026-02-20 10:11:49.988	83.66	83.7	83.66	100	False
2026-02-20 10:11:50.007	83.66	83.7	83.7	100	True
2026-02-20 10:11:50.032	83.66	83.7	83.7	200	True
2026-02-20 10:11:50.146	83.66	83.7	83.66	100	False
2026-02-20 10:11:50.149	83.66	83.7	83.66	100	False
2026-02-20 10:11:50.343	83.66	83.7	83.66	100	False
2026-02-20 10:11:56.622	83.68	83.7	83.69	100	True
2026-02-20 10:11:56.628	83.68	83.7	83.7	100	True
2026-02-20 10:11:56.792	83.68	83.7	83.7	100	True
2026-02-20 10:12:03.678	83.68	83.7	83.7	100	True
2026-02-20 10:12:05.139	83.68	83.7	83.7	100	True
2026-02-20 10:12:05.193	83.68	83.7	83.68	200	False
2026-02-20 10:12:05.193	83.68	83.7	83.68	500	False
2026-02-20 10:12:05.193	83.68	83.7	83.67	100	False
2026-02-20 10:12:05.193	83.68	83.7	83.66	400	False
2026-02-20 10:12:05.214	83.68	83.7	83.7	100	True
2026-02-20 10:12:15.146	83.66	83.69	83.66	100	False
2026-02-20 10:12:15.146	83.66	83.69	83.65	300	False
2026-02-20 10:12:15.160	83.66	83.69	83.69	100	True
2026-02-20 10:12:15.506	83.64	83.69	83.64	100	False
2026-02-20 10:12:16.008	83.64	83.69	83.69	100	True
2026-02-20 10:12:23.980	83.65	83.69	83.69	100	True
2026-02-20 10:12:31.409	83.65	83.69	83.69	100	True
2026-02-20 10:12:43.687	83.65	83.69	83.69	800	True
2026-02-20 10:12:43.687	83.65	83.69	83.7	1200	True
2026-02-20 10:12:43.721	83.65	83.69	83.7	200	True
2026-02-20 10:12:43.851	83.67	83.7	83.67	100	False
2026-02-20 10:12:44.046	83.67	83.7	83.7	200	True
2026-02-20 10:12:44.049	83.67	83.7	83.67	100	False
2026-02-20 10:12:44.055	83.67	83.7	83.7	100	True
2026-02-20 10:12:44.174	83.66	83.7	83.7	600	True
2026-02-20 10:12:44.216	83.66	83.7	83.69	100	True
2026-02-20 10:12:44.226	83.66	83.7	83.72	100	True
2026-02-20 10:13:01.405	83.71	83.75	83.71	800	False
2026-02-20 10:13:01.410	83.71	83.75	83.71	200	False
2026-02-20 10:13:01.411	83.71	83.75	83.7	700	False
2026-02-20 10:13:01.458	83.71	83.75	83.71	100	False
2026-02-20 10:13:01.571	83.71	83.75	83.71	100	False
2026-02-20 10:13:01.578	83.71	83.75	83.71	100	False
2026-02-20 10:13:01.767	83.67	83.71	83.71	100	True
2026-02-20 10:13:01.804	83.67	83.71	83.67	100	False
2026-02-20 10:13:02.853	83.65	83.71	83.7	100	True
2026-02-20 10:13:12.723	83.66	83.71	83.66	400	False
2026-02-20 10:13:12.723	83.66	83.71	83.65	800	False
2026-02-20 10:13:12.723	83.66	83.71	83.64	1100	False
2026-02-20 10:13:12.723	83.66	83.71	83.63	1100	False
2026-02-20 10:13:12.723	83.66	83.71	83.63	400	False
2026-02-20 10:13:12.723	83.66	83.71	83.62	3700	False
2026-02-20 10:13:12.723	83.66	83.71	83.62	1700	False
2026-02-20 10:13:12.723	83.66	83.71	83.61	19800	False
2026-02-20 10:13:12.723	83.66	83.71	83.61	3200	False
2026-02-20 10:13:12.723	83.66	83.71	83.6	500	False
2026-02-20 10:13:12.723	83.66	83.71	83.6	7400	False
2026-02-20 10:13:12.723	83.66	83.71	83.59	400	False
2026-02-20 10:13:12.759	83.66	83.71	83.6	100	False
2026-02-20 10:13:12.762	83.66	83.71	83.6	200	False
2026-02-20 10:13:12.766	83.66	83.71	83.59	800	False
2026-02-20 10:13:12.766	83.66	83.71	83.58	2100	False
2026-02-20 10:13:12.766	83.66	83.71	83.59	100	False
2026-02-20 10:13:12.766	83.66	83.71	83.58	1200	False
2026-02-20 10:13:12.766	83.66	83.71	83.57	100	False
2026-02-20 10:13:12.766	83.66	83.71	83.57	200	False
2026-02-20 10:13:12.766	83.66	83.71	83.56	300	False
2026-02-20 10:13:12.766	83.66	83.71	83.55	1900	False
2026-02-20 10:13:12.766	83.66	83.71	83.54	1800	False
2026-02-20 10:13:12.766	83.66	83.71	83.53	1200	False
2026-02-20 10:13:12.789	83.66	83.71	83.56	100	False
2026-02-20 10:13:12.792	83.66	83.71	83.56	200	False
2026-02-20 10:13:12.796	83.55	83.56	83.56	100	True
2026-02-20 10:13:12.812	83.55	83.56	83.56	400	True
2026-02-20 10:13:12.820	83.55	83.56	83.55	200	False
2026-02-20 10:13:12.826	83.55	83.56	83.56	1200	True
2026-02-20 10:13:12.833	83.55	83.56	83.56	200	True
2026-02-20 10:13:12.833	83.55	83.56	83.55	100	False
2026-02-20 10:13:12.833	83.55	83.56	83.54	100	False
2026-02-20 10:13:12.839	83.55	83.56	83.56	100	True
2026-02-20 10:13:12.849	83.55	83.56	83.56	700	True
2026-02-20 10:13:12.849	83.55	83.56	83.57	1500	True
2026-02-20 10:13:12.849	83.55	83.56	83.58	900	True
2026-02-20 10:13:12.849	83.55	83.56	83.58	1000	True
2026-02-20 10:13:12.849	83.55	83.56	83.59	300	True
2026-02-20 10:13:12.857	83.55	83.56	83.59	100	True
2026-02-20 10:13:12.984	83.55	83.56	83.59	1300	True
2026-02-20 10:13:12.984	83.55	83.56	83.6	5700	True
2026-02-20 10:13:12.993	83.55	83.56	83.6	100	True
2026-02-20 10:13:12.997	83.55	83.56	83.6	600	True
2026-02-20 10:13:13.088	83.55	83.56	83.54	100	False
2026-02-20 10:13:13.283	83.53	83.6	83.53	300	False
2026-02-20 10:13:13.289	83.53	83.6	83.59	100	True
2026-02-20 10:13:13.445	83.53	83.6	83.53	200	False
2026-02-20 10:13:13.445	83.53	83.6	83.52	2200	False
2026-02-20 10:13:13.454	83.53	83.6	83.57	100	True
2026-02-20 10:13:13.458	83.53	83.6	83.57	100	True
2026-02-20 10:13:13.650	83.51	83.57	83.51	200	False
2026-02-20 10:13:13.650	83.51	83.57	83.51	100	False
2026-02-20 10:13:13.656	83.51	83.57	83.57	100	True
2026-02-20 10:13:13.848	83.5	83.56	83.5	1900	False
2026-02-20 10:13:13.856	83.5	83.56	83.55	200	True
2026-02-20 10:13:16.189	83.5	83.55	83.55	600	True
2026-02-20 10:13:16.189	83.5	83.55	83.56	1700	True
2026-02-20 10:13:16.223	83.5	83.55	83.56	200	True
2026-02-20 10:13:16.355	83.5	83.56	83.5	100	False
2026-02-20 10:13:16.364	83.5	83.56	83.56	100	True
2026-02-20 10:13:16.838	83.5	83.56	83.56	100	True
2026-02-20 10:13:16.838	83.5	83.56	83.57	1700	True
2026-02-20 10:13:16.838	83.5	83.56	83.58	900	True
2026-02-20 10:13:16.838	83.5	83.56	83.58	600	True
2026-02-20 10:13:16.838	83.5	83.56	83.59	1500	True
2026-02-20 10:13:16.838	83.5	83.56	83.6	800	True
2026-02-20 10:13:16.860	83.5	83.56	83.59	100	True
2026-02-20 10:13:16.871	83.5	83.56	83.59	300	True
2026-02-20 10:13:16.871	83.5	83.56	83.59	200	True
2026-02-20 10:13:17.001	83.53	83.6	83.53	100	False
2026-02-20 10:13:17.395	83.52	83.59	83.52	400	False
2026-02-20 10:13:23.944	83.52	83.56	83.53	300	True
2026-02-20 10:13:23.950	83.52	83.56	83.56	100	True
2026-02-20 10:13:29.660	83.52	83.56	83.53	3000	True
2026-02-20 10:13:29.661	83.52	83.56	83.52	200	False
2026-02-20 10:13:29.661	83.52	83.56	83.52	700	False
2026-02-20 10:13:29.676	83.52	83.56	83.55	300	True
2026-02-20 10:13:29.685	83.52	83.56	83.55	100	True
2026-02-20 10:13:29.838	83.52	83.56	83.53	100	True
2026-02-20 10:13:30.636	83.52	83.56	83.52	100	False
2026-02-20 10:13:33.959	83.52	83.56	83.52	100	False
2026-02-20 10:13:36.268	83.53	83.56	83.55	100	True
2026-02-20 10:13:42.170	83.53	83.56	83.55	100	True
2026-02-20 10:13:42.176	83.53	83.56	83.56	100	True
2026-02-20 10:13:48.327	83.53	83.55	83.55	100	True
2026-02-20 10:13:48.912	83.53	83.55	83.55	100	True
2026-02-20 10:13:49.142	83.53	83.55	83.53	400	False
2026-02-20 10:13:49.142	83.53	83.55	83.52	900	False
2026-02-20 10:13:49.142	83.53	83.55	83.51	300	False
2026-02-20 10:13:49.142	83.53	83.55	83.5	1400	False
2026-02-20 10:13:49.165	83.53	83.55	83.55	100	True
2026-02-20 10:13:49.178	83.53	83.55	83.53	100	False
2026-02-20 10:13:49.181	83.53	83.55	83.54	200	True
2026-02-20 10:13:49.696	83.5	83.53	83.5	200	False
2026-02-20 10:13:52.072	83.5	83.53	83.5	1500	False
2026-02-20 10:13:52.072	83.5	83.53	83.5	3100	False
2026-02-20 10:13:52.083	83.5	83.53	83.49	300	False
2026-02-20 10:13:52.108	83.5	83.53	83.5	200	False
2026-02-20 10:13:52.130	83.5	83.53	83.5	400	False
2026-02-20 10:13:52.431	83.48	83.5	83.48	400	False
2026-02-20 10:13:52.628	83.48	83.5	83.48	200	False
2026-02-20 10:13:52.638	83.48	83.5	83.5	100	True
2026-02-20 10:13:52.791	83.46	83.5	83.46	100	False
2026-02-20 10:13:52.924	83.46	83.5	83.46	100	False
2026-02-20 10:13:54.661	83.45	83.5	83.5	1300	True
2026-02-20 10:13:54.675	83.45	83.5	83.5	100	True
2026-02-20 10:14:03.430	83.45	83.5	83.49	3700	True
2026-02-20 10:14:03.433	83.45	83.5	83.5	9000	True
2026-02-20 10:14:03.447	83.45	83.5	83.49	4200	True
2026-02-20 10:14:03.462	83.45	83.5	83.5	25900	True
2026-02-20 10:14:03.467	83.45	83.5	83.5	400	True
2026-02-20 10:14:03.475	83.45	83.5	83.5	700	True
2026-02-20 10:14:03.481	83.45	83.5	83.5	9900	True
2026-02-20 10:14:03.482	83.45	83.5	83.51	100	True
2026-02-20 10:14:03.519	83.45	83.5	83.55	200	True
2026-02-20 10:14:03.529	83.45	83.5	83.57	100	True
2026-02-20 10:14:03.539	83.45	83.5	83.58	500	True
2026-02-20 10:14:03.553	83.55	83.59	83.59	300	True
2026-02-20 10:14:03.554	83.55	83.59	83.56	300	True
2026-02-20 10:14:03.555	83.55	83.59	83.55	100	False
2026-02-20 10:14:03.555	83.55	83.59	83.55	200	False
2026-02-20 10:14:03.572	83.55	83.59	83.6	300	True
2026-02-20 10:14:03.592	83.55	83.59	83.62	200	True
2026-02-20 10:14:03.592	83.55	83.59	83.62	900	True
2026-02-20 10:14:03.608	83.55	83.59	83.57	100	True
2026-02-20 10:14:03.608	83.55	83.59	83.57	200	True
2026-02-20 10:14:03.608	83.55	83.59	83.56	400	True
2026-02-20 10:14:03.618	83.55	83.59	83.63	1600	True
2026-02-20 10:14:03.622	83.55	83.59	83.63	700	True
2026-02-20 10:14:03.637	83.55	83.59	83.58	400	True
2026-02-20 10:14:03.639	83.55	83.59	83.63	900	True
2026-02-20 10:14:03.650	83.55	83.59	83.63	100	True
2026-02-20 10:14:03.718	83.55	83.59	83.57	100	True
2026-02-20 10:14:03.770	83.55	83.59	83.56	200	True
2026-02-20 10:14:03.771	83.55	83.59	83.55	400	False
2026-02-20 10:14:03.771	83.55	83.59	83.54	300	False
2026-02-20 10:14:03.771	83.55	83.59	83.54	900	False
2026-02-20 10:14:03.772	83.55	83.59	83.53	1100	False
2026-02-20 10:14:03.773	83.55	83.59	83.58	100	True
2026-02-20 10:14:03.784	83.55	83.59	83.57	100	True
2026-02-20 10:14:03.788	83.55	83.59	83.57	200	True
2026-02-20 10:14:03.890	83.55	83.59	83.57	100	True
2026-02-20 10:14:04.084	83.52	83.58	83.52	100	False
2026-02-20 10:14:04.281	83.51	83.57	83.51	600	False
2026-02-20 10:14:04.287	83.51	83.57	83.57	100	True
2026-02-20 10:14:04.479	83.51	83.57	83.52	200	True
2026-02-20 10:14:04.479	83.51	83.57	83.51	200	False
2026-02-20 10:14:04.676	83.52	83.59	83.52	400	False
2026-02-20 10:14:04.682	83.52	83.59	83.58	100	True
2026-02-20 10:14:04.874	83.52	83.59	83.52	200	False
2026-02-20 10:14:04.874	83.52	83.59	83.52	200	False
2026-02-20 10:14:04.874	83.52	83.59	83.51	1600	False
2026-02-20 10:14:04.880	83.52	83.59	83.57	200	True
2026-02-20 10:14:05.886	83.52	83.59	83.53	500	True
2026-02-20 10:14:05.892	83.52	83.59	83.59	100	True
2026-02-20 10:14:09.698	83.52	83.57	83.53	100	True
2026-02-20 10:14:13.472	83.54	83.57	83.54	500	False
2026-02-20 10:14:13.504	83.54	83.57	83.54	1800	False
2026-02-20 10:14:13.505	83.54	83.57	83.54	1800	False
2026-02-20 10:14:13.534	83.54	83.57	83.54	100	False
2026-02-20 10:14:13.546	83.54	83.57	83.54	300	False
2026-02-20 10:14:13.830	83.52	83.54	83.52	200	False
2026-02-20 10:14:19.978	83.52	83.54	83.52	300	False
2026-02-20 10:14:19.988	83.52	83.54	83.54	100	True
2026-02-20 10:14:21.397	83.5	83.52	83.5	200	False
2026-02-20 10:14:21.397	83.5	83.52	83.49	300	False
2026-02-20 10:14:23.007	83.49	83.5	83.5	500	True
2026-02-20 10:14:23.013	83.49	83.5	83.5	100	True
2026-02-20 10:14:23.178	83.5	83.52	83.5	100	False
2026-02-20 10:14:30.307	83.5	83.52	83.5	400	False
2026-02-20 10:14:30.307	83.5	83.52	83.49	100	False
2026-02-20 10:14:30.314	83.5	83.52	83.52	100	True
2026-02-20 10:14:31.178	83.49	83.52	83.49	300	False
2026-02-20 10:14:40.008	83.51	83.52	83.51	1000	False
2026-02-20 10:14:40.014	83.51	83.52	83.52	100	True
2026-02-20 10:14:41.029	83.51	83.52	83.52	1100	True
2026-02-20 10:14:47.331	83.51	83.52	83.51	100	False
2026-02-20 10:14:49.940	83.51	83.52	83.52	1000	True
2026-02-20 10:14:49.945	83.51	83.52	83.52	100	True
2026-02-20 10:14:51.238	83.51	83.52	83.52	1000	True
2026-02-20 10:14:51.246	83.51	83.52	83.52	100	True
2026-02-20 10:14:59.616	83.51	83.52	83.51	800	False
2026-02-20 10:14:59.620	83.51	83.52	83.5	100	False
2026-02-20 10:14:59.633	83.51	83.52	83.51	100	False
2026-02-20 10:14:59.982	83.49	83.51	83.49	100	False
2026-02-20 10:14:59.987	83.49	83.51	83.51	100	True
2026-02-20 10:15:00.533	83.49	83.51	83.51	100	True
2026-02-20 10:15:00.592	83.49	83.51	83.49	1100	False
2026-02-20 10:15:00.609	83.49	83.51	83.51	100	True
2026-02-20 10:15:00.755	83.49	83.51	83.49	100	False
2026-02-20 10:15:01.573	83.49	83.51	83.51	100	True
2026-02-20 10:15:02.016	83.49	83.51	83.51	4800	True
2026-02-20 10:15:02.016	83.49	83.51	83.52	2200	True
2026-02-20 10:15:02.021	83.49	83.51	83.52	100	True
2026-02-20 10:15:02.033	83.49	83.51	83.52	300	True
2026-02-20 10:15:02.055	83.49	83.51	83.52	1200	True
2026-02-20 10:15:02.062	83.49	83.51	83.54	800	True
2026-02-20 10:15:02.068	83.49	83.51	83.54	100	True
2026-02-20 10:15:02.073	83.49	83.51	83.54	100	True
2026-02-20 10:15:02.177	83.49	83.51	83.52	200	True
2026-02-20 10:15:02.373	83.52	83.54	83.52	500	False
2026-02-20 10:15:02.797	83.52	83.54	83.52	11300	False
2026-02-20 10:15:02.808	83.52	83.54	83.52	200	False
2026-02-20 10:15:02.818	83.52	83.54	83.53	100	True
2026-02-20 10:15:02.831	83.52	83.54	83.54	1000	True
2026-02-20 10:15:02.960	83.52	83.54	83.5	100	False
2026-02-20 10:15:03.156	83.49	83.52	83.49	700	False
2026-02-20 10:15:03.168	83.49	83.52	83.52	100	True
2026-02-20 10:15:03.353	83.49	83.52	83.49	200	False
2026-02-20 10:15:18.696	83.5	83.51	83.51	1000	True
2026-02-20 10:15:18.701	83.5	83.51	83.51	100	True
2026-02-20 10:15:31.303	83.5	83.51	83.5	700	False
2026-02-20 10:15:31.303	83.5	83.51	83.49	300	False
2026-02-20 10:15:31.313	83.5	83.51	83.51	100	True
2026-02-20 10:15:31.483	83.5	83.51	83.51	300	True
2026-02-20 10:15:31.491	83.5	83.51	83.51	100	True
2026-02-20 10:15:31.571	83.5	83.51	83.49	100	False
2026-02-20 10:15:33.913	83.49	83.51	83.51	100	True
2026-02-20 10:15:37.078	83.49	83.51	83.51	400	True
2026-02-20 10:15:42.606	83.5	83.51	83.51	500	True
2026-02-20 10:15:42.611	83.5	83.51	83.51	100	True
2026-02-20 10:15:46.291	83.5	83.52	83.51	200	True
2026-02-20 10:15:54.032	83.5	83.51	83.51	200	True
2026-02-20 10:15:54.033	83.5	83.51	83.52	900	True
2026-02-20 10:15:54.056	83.5	83.51	83.54	100	True
2026-02-20 10:15:54.196	83.51	83.54	83.51	100	False
2026-02-20 10:15:57.276	83.51	83.54	83.53	100	True
2026-02-20 10:15:57.282	83.51	83.54	83.54	100	True
2026-02-20 10:16:07.377	83.5	83.54	83.5	600	False
2026-02-20 10:16:07.377	83.5	83.54	83.5	1100	False
2026-02-20 10:16:07.385	83.5	83.54	83.5	800	False
2026-02-20 10:16:07.432	83.5	83.54	83.54	200	True
2026-02-20 10:16:07.556	83.52	83.54	83.52	100	False
2026-02-20 10:16:11.340	83.51	83.54	83.54	1100	True
2026-02-20 10:16:11.340	83.51	83.54	83.55	500	True
2026-02-20 10:16:11.340	83.51	83.54	83.56	1100	True
2026-02-20 10:16:11.340	83.51	83.54	83.57	1700	True
2026-02-20 10:16:11.340	83.51	83.54	83.58	1900	True
2026-02-20 10:16:11.404	83.51	83.54	83.58	700	True
2026-02-20 10:16:11.501	83.51	83.54	83.54	100	True
2026-02-20 10:16:11.508	83.51	83.54	83.59	500	True
2026-02-20 10:16:11.699	83.55	83.6	83.55	100	False
2026-02-20 10:16:11.895	83.55	83.6	83.54	300	False
2026-02-20 10:16:20.742	83.55	83.6	83.55	200	False
2026-02-20 10:16:20.745	83.55	83.6	83.54	100	False
2026-02-20 10:16:20.762	83.53	83.59	83.58	100	True
2026-02-20 10:16:22.939	83.53	83.58	83.58	100	True
2026-02-20 10:16:22.939	83.53	83.58	83.58	100	True
2026-02-20 10:16:25.252	83.53	83.58	83.53	100	False
2026-02-20 10:16:25.252	83.53	83.58	83.52	300	False
2026-02-20 10:16:25.252	83.53	83.58	83.52	100	False
2026-02-20 10:16:25.269	83.53	83.58	83.57	100	True
2026-02-20 10:16:25.577	83.52	83.58	83.54	800	True
2026-02-20 10:16:25.579	83.52	83.58	83.54	500	True
2026-02-20 10:16:25.596	83.52	83.58	83.54	100	True
2026-02-20 10:16:25.879	83.52	83.54	83.52	100	False
2026-02-20 10:16:30.999	83.52	83.54	83.54	3700	True
2026-02-20 10:16:30.999	83.52	83.54	83.56	100	True
2026-02-20 10:16:30.999	83.52	83.54	83.57	900	True
2026-02-20 10:16:30.999	83.52	83.54	83.58	1300	True
2026-02-20 10:16:31.048	83.52	83.54	83.59	700	True
2026-02-20 10:16:31.160	83.52	83.54	83.55	100	True
2026-02-20 10:16:31.356	83.55	83.59	83.55	300	False
2026-02-20 10:16:34.533	83.56	83.59	83.59	400	True
2026-02-20 10:16:34.535	83.56	83.59	83.6	100	True
2026-02-20 10:16:34.567	83.56	83.59	83.6	100	True
2026-02-20 10:16:38.296	83.58	83.62	83.62	100	True
2026-02-20 10:16:41.319	83.58	83.62	83.62	100	True
2026-02-20 10:16:41.319	83.58	83.62	83.63	500	True
2026-02-20 10:16:41.319	83.58	83.62	83.64	500	True
2026-02-20 10:16:41.349	83.58	83.62	83.64	100	True
2026-02-20 10:16:41.510	83.59	83.64	83.59	100	False
2026-02-20 10:16:44.243	83.59	83.62	83.62	100	True
2026-02-20 10:16:44.243	83.59	83.62	83.64	1600	True
2026-02-20 10:16:44.243	83.59	83.62	83.64	100	True
2026-02-20 10:16:44.243	83.59	83.62	83.65	1400	True
2026-02-20 10:16:44.243	83.59	83.62	83.66	500	True
2026-02-20 10:16:44.255	83.59	83.62	83.65	100	True
2026-02-20 10:16:44.255	83.59	83.62	83.65	400	True
2026-02-20 10:16:44.259	83.59	83.62	83.65	200	True
2026-02-20 10:16:44.282	83.59	83.62	83.65	100	True
2026-02-20 10:16:44.283	83.59	83.62	83.65	400	True
2026-02-20 10:16:44.283	83.59	83.62	83.65	1400	True
2026-02-20 10:16:44.286	83.59	83.62	83.65	1000	True
2026-02-20 10:16:44.296	83.59	83.62	83.66	400	True
2026-02-20 10:16:44.300	83.59	83.62	83.65	200	True
2026-02-20 10:16:44.302	83.59	83.62	83.65	600	True
2026-02-20 10:16:44.311	83.59	83.62	83.66	200	True
2026-02-20 10:16:44.322	83.59	83.62	83.67	400	True
2026-02-20 10:16:44.331	83.59	83.62	83.66	100	True
2026-02-20 10:16:44.406	83.59	83.62	83.65	100	True
2026-02-20 10:16:44.414	83.59	83.62	83.66	100	True
2026-02-20 10:16:44.604	83.65	83.66	83.65	300	False
2026-02-20 10:16:44.801	83.65	83.66	83.65	300	False
2026-02-20 10:16:44.939	83.65	83.66	83.65	900	False
2026-02-20 10:16:44.939	83.65	83.66	83.65	1400	False
2026-02-20 10:16:44.946	83.65	83.66	83.66	100	True
2026-02-20 10:16:44.955	83.65	83.66	83.67	200	True
2026-02-20 10:16:45.102	83.65	83.66	83.66	100	True
2026-02-20 10:16:45.299	83.66	83.68	83.66	100	False
2026-02-20 10:16:45.459	83.66	83.68	83.65	100	False
2026-02-20 10:16:45.822	83.65	83.67	83.65	100	False
2026-02-20 10:16:57.583	83.65	83.68	83.66	1000	True
2026-02-20 10:16:57.589	83.65	83.68	83.68	100	True
2026-02-20 10:16:59.716	83.65	83.68	83.68	100	True
2026-02-20 10:16:59.719	83.65	83.68	83.68	400	True
2026-02-20 10:16:59.733	83.65	83.68	83.69	100	True
2026-02-20 10:16:59.733	83.65	83.68	83.7	300	True
2026-02-20 10:16:59.969	83.65	83.7	83.7	100	True
2026-02-20 10:17:05.941	83.68	83.7	83.68	200	False
2026-02-20 10:17:05.959	83.68	83.7	83.68	100	False
2026-02-20 10:17:06.037	83.68	83.7	83.68	1000	False
2026-02-20 10:17:06.037	83.68	83.7	83.69	100	True
2026-02-20 10:17:06.037	83.68	83.7	83.7	2100	True
2026-02-20 10:17:06.042	83.68	83.7	83.7	1000	True
2026-02-20 10:17:06.068	83.68	83.7	83.7	100	True
2026-02-20 10:17:06.088	83.68	83.7	83.71	300	True
2026-02-20 10:17:06.088	83.68	83.7	83.7	200	True
2026-02-20 10:17:06.198	83.68	83.7	83.67	100	False
2026-02-20 10:17:06.204	83.68	83.7	83.71	100	True
2026-02-20 10:17:06.395	83.67	83.71	83.67	100	False
2026-02-20 10:17:12.115	83.68	83.69	83.69	100	True
2026-02-20 10:17:12.787	83.68	83.71	83.68	100	False
2026-02-20 10:17:15.243	83.69	83.71	83.7	900	True
2026-02-20 10:17:15.243	83.69	83.71	83.71	100	True
2026-02-20 10:17:15.248	83.69	83.71	83.71	100	True
2026-02-20 10:17:15.410	83.69	83.73	83.69	100	False
2026-02-20 10:17:19.593	83.69	83.73	83.73	100	True
2026-02-20 10:17:19.593	83.69	83.73	83.75	900	True
2026-02-20 10:17:19.621	83.69	83.73	83.75	100	True
2026-02-20 10:17:19.699	83.69	83.73	83.75	100	True
2026-02-20 10:17:19.699	83.69	83.73	83.76	900	True
2026-02-20 10:17:19.711	83.69	83.73	83.76	100	True
2026-02-20 10:17:19.735	83.69	83.73	83.76	100	True
2026-02-20 10:17:19.862	83.69	83.73	83.7	100	True
2026-02-20 10:17:19.870	83.69	83.73	83.76	100	True
2026-02-20 10:17:21.339	83.7	83.76	83.76	100	True
2026-02-20 10:17:22.379	83.7	83.76	83.76	1000	True
2026-02-20 10:17:22.394	83.7	83.76	83.76	100	True
2026-02-20 10:17:22.540	83.7	83.76	83.7	100	False
2026-02-20 10:17:22.765	83.7	83.76	83.71	100	True
2026-02-20 10:17:22.765	83.7	83.76	83.7	200	False
2026-02-20 10:17:29.615	83.7	83.76	83.71	200	True
2026-02-20 10:17:32.619	83.71	83.76	83.75	200	True
2026-02-20 10:17:32.619	83.71	83.76	83.76	800	True
2026-02-20 10:17:32.633	83.71	83.76	83.76	100	True
2026-02-20 10:17:32.648	83.71	83.76	83.76	100	True
2026-02-20 10:17:32.783	83.71	83.76	83.71	100	False
2026-02-20 10:17:35.892	83.72	83.76	83.73	100	True
2026-02-20 10:17:38.118	83.72	83.75	83.73	2000	True
2026-02-20 10:17:38.119	83.72	83.75	83.72	1000	False
2026-02-20 10:17:38.133	83.72	83.75	83.75	100	True
2026-02-20 10:17:38.146	83.72	83.75	83.76	200	True
2026-02-20 10:17:38.476	83.71	83.76	83.71	100	False
2026-02-20 10:17:38.482	83.71	83.76	83.72	100	True
2026-02-20 10:17:41.268	83.71	83.76	83.71	2500	False
2026-02-20 10:17:41.276	83.71	83.76	83.71	100	False
2026-02-20 10:17:41.312	83.71	83.76	83.74	300	True
2026-02-20 10:17:41.734	83.7	83.74	83.7	200	False
2026-02-20 10:17:47.417	83.71	83.75	83.71	100	False
2026-02-20 10:17:47.422	83.71	83.75	83.75	100	True
2026-02-20 10:17:47.477	83.71	83.75	83.71	100	False
2026-02-20 10:17:56.290	83.71	83.75	83.75	100	True
2026-02-20 10:17:56.290	83.71	83.75	83.76	900	True
2026-02-20 10:17:56.317	83.71	83.76	83.76	100	True
2026-02-20 10:17:56.453	83.71	83.76	83.71	100	False
2026-02-20 10:17:57.886	83.71	83.76	83.76	2000	True
2026-02-20 10:17:57.891	83.71	83.76	83.76	2000	True
2026-02-20 10:17:57.915	83.71	83.76	83.76	100	True
2026-02-20 10:17:57.928	83.71	83.76	83.77	400	True
2026-02-20 10:17:57.938	83.71	83.76	83.72	1000	True
2026-02-20 10:17:57.938	83.71	83.76	83.72	200	True
2026-02-20 10:17:57.953	83.71	83.76	83.73	100	True
2026-02-20 10:17:57.964	83.71	83.76	83.74	100	True
2026-02-20 10:17:58.048	83.72	83.75	83.72	200	False
2026-02-20 10:17:58.244	83.72	83.75	83.72	200	False
2026-02-20 10:18:00.293	83.72	83.75	83.72	300	False
2026-02-20 10:18:00.295	83.72	83.75	83.71	1700	False
2026-02-20 10:18:00.295	83.72	83.75	83.72	300	False
2026-02-20 10:18:00.319	83.72	83.75	83.71	100	False
2026-02-20 10:18:00.353	83.72	83.75	83.72	200	False
2026-02-20 10:18:00.552	83.7	83.72	83.7	100	False
2026-02-20 10:18:00.742	83.7	83.72	83.71	100	True
2026-02-20 10:18:00.904	83.69	83.72	83.69	100	False
2026-02-20 10:18:05.004	83.71	83.72	83.71	1000	False
2026-02-20 10:18:05.005	83.71	83.72	83.71	100	False
2026-02-20 10:18:05.007	83.71	83.72	83.71	1100	False
2026-02-20 10:18:05.010	83.71	83.72	83.71	100	False
2026-02-20 10:18:05.012	83.71	83.72	83.72	100	True
2026-02-20 10:18:05.024	83.71	83.72	83.72	100	True
2026-02-20 10:18:05.029	83.71	83.72	83.71	300	False
2026-02-20 10:18:05.032	83.71	83.72	83.71	100	False
2026-02-20 10:18:05.046	83.71	83.72	83.71	700	False
2026-02-20 10:18:05.061	83.71	83.72	83.72	100	True
2026-02-20 10:18:05.074	83.71	83.72	83.72	100	True
2026-02-20 10:18:05.178	83.71	83.72	83.71	100	False
2026-02-20 10:18:05.382	83.71	83.72	83.71	200	False
2026-02-20 10:18:05.382	83.71	83.72	83.71	100	False
2026-02-20 10:18:14.159	83.71	83.72	83.72	100	True
2026-02-20 10:18:21.143	83.73	83.76	83.75	5000	True
2026-02-20 10:18:21.169	83.73	83.76	83.75	100	True
2026-02-20 10:18:21.171	83.73	83.76	83.75	400	True
2026-02-20 10:18:21.171	83.73	83.76	83.76	200	True
2026-02-20 10:18:21.172	83.73	83.76	83.76	200	True
2026-02-20 10:18:21.204	83.73	83.76	83.75	100	True
2026-02-20 10:18:21.293	83.73	83.76	83.75	800	True
2026-02-20 10:18:21.296	83.73	83.76	83.75	5000	True
2026-02-20 10:18:21.306	83.73	83.76	83.76	200	True
2026-02-20 10:18:21.311	83.73	83.76	83.76	100	True
2026-02-20 10:18:21.317	83.73	83.76	83.75	400	True
2026-02-20 10:18:21.318	83.73	83.76	83.76	100	True
2026-02-20 10:18:21.320	83.73	83.76	83.76	600	True
2026-02-20 10:18:21.330	83.73	83.76	83.76	100	True
2026-02-20 10:18:21.513	83.75	83.76	83.75	100	False
2026-02-20 10:18:21.709	83.75	83.76	83.75	400	False
2026-02-20 10:18:21.715	83.75	83.76	83.76	100	True
2026-02-20 10:18:34.919	83.75	83.76	83.75	100	False
2026-02-20 10:18:39.549	83.75	83.76	83.76	1000	True
2026-02-20 10:18:39.551	83.75	83.76	83.76	8400	True
2026-02-20 10:18:39.580	83.75	83.76	83.77	100	True
2026-02-20 10:18:39.608	83.75	83.76	83.78	100	True
2026-02-20 10:18:39.621	83.75	83.76	83.8	100	True
2026-02-20 10:18:39.622	83.75	83.76	83.83	100	True
2026-02-20 10:18:39.622	83.75	83.76	83.82	700	True
2026-02-20 10:18:39.622	83.75	83.76	83.82	3000	True
2026-02-20 10:18:39.622	83.75	83.76	83.83	100	True
2026-02-20 10:18:39.622	83.75	83.76	83.84	500	True
2026-02-20 10:18:39.658	83.75	83.76	83.84	700	True
2026-02-20 10:18:39.658	83.75	83.76	83.84	200	True
2026-02-20 10:18:39.666	83.75	83.76	83.85	200	True
2026-02-20 10:18:39.691	83.75	83.76	83.87	200	True
2026-02-20 10:18:39.691	83.75	83.76	83.88	300	True
2026-02-20 10:18:39.691	83.75	83.76	83.89	600	True
2026-02-20 10:18:39.691	83.75	83.76	83.9	100	True
2026-02-20 10:18:39.700	83.83	83.9	83.83	1000	False
2026-02-20 10:18:39.702	83.83	83.9	83.84	800	True
2026-02-20 10:18:39.702	83.83	83.9	83.83	200	False
2026-02-20 10:18:39.702	83.83	83.9	83.82	1900	False
2026-02-20 10:18:39.703	83.83	83.9	83.83	200	False
2026-02-20 10:18:39.706	83.83	83.9	83.88	800	True
2026-02-20 10:18:39.712	83.83	83.9	83.82	100	False
2026-02-20 10:18:39.715	83.83	83.9	83.87	400	True
2026-02-20 10:18:39.719	83.83	83.9	83.88	300	True
2026-02-20 10:18:39.726	83.83	83.9	83.82	1000	False
2026-02-20 10:18:39.727	83.83	83.9	83.87	100	True
2026-02-20 10:18:39.728	83.83	83.9	83.82	300	False
2026-02-20 10:18:39.742	83.83	83.9	83.86	100	True
2026-02-20 10:18:39.932	83.83	83.9	83.81	400	False
2026-02-20 10:18:39.940	83.83	83.9	83.85	100	True
2026-02-20 10:18:39.947	83.83	83.9	83.85	100	True
2026-02-20 10:18:40.131	83.8	83.84	83.8	300	False
2026-02-20 10:18:40.763	83.79	83.83	83.83	100	True
2026-02-20 10:18:40.763	83.79	83.83	83.84	200	True
2026-02-20 10:18:40.763	83.79	83.83	83.85	700	True
2026-02-20 10:18:40.778	83.79	83.83	83.84	100	True
2026-02-20 10:18:40.819	83.79	83.83	83.79	800	False
2026-02-20 10:18:40.829	83.79	83.83	83.84	200	True
2026-02-20 10:18:42.636	83.79	83.84	83.79	200	False
2026-02-20 10:18:42.641	83.79	83.84	83.79	300	False
2026-02-20 10:18:42.652	83.79	83.84	83.79	200	False
2026-02-20 10:18:42.667	83.79	83.84	83.84	100	True
2026-02-20 10:18:43.371	83.79	83.84	83.84	1500	True
2026-02-20 10:18:43.371	83.79	83.84	83.85	1300	True
2026-02-20 10:18:43.371	83.79	83.84	83.85	300	True
2026-02-20 10:18:43.373	83.79	83.84	83.85	700	True
2026-02-20 10:18:43.376	83.79	83.84	83.85	300	True
2026-02-20 10:18:43.382	83.79	83.84	83.85	1800	True
2026-02-20 10:18:43.382	83.79	83.84	83.85	3700	True
2026-02-20 10:18:43.384	83.79	83.84	83.85	4200	True
2026-02-20 10:18:43.385	83.79	83.84	83.85	900	True
2026-02-20 10:18:43.388	83.79	83.84	83.85	400	True
2026-02-20 10:18:43.392	83.79	83.84	83.85	100	True
2026-02-20 10:18:43.396	83.79	83.84	83.85	400	True
2026-02-20 10:18:43.400	83.79	83.84	83.85	1300	True
2026-02-20 10:18:43.400	83.79	83.84	83.85	300	True
2026-02-20 10:18:43.403	83.79	83.84	83.85	100	True
2026-02-20 10:18:43.408	83.79	83.84	83.86	800	True
2026-02-20 10:18:43.409	83.79	83.84	83.86	400	True
2026-02-20 10:18:43.412	83.79	83.84	83.85	200	True
2026-02-20 10:18:43.420	83.79	83.84	83.86	100	True
2026-02-20 10:18:43.433	83.79	83.84	83.88	100	True
2026-02-20 10:18:43.444	83.79	83.84	83.89	100	True
2026-02-20 10:18:43.452	83.79	83.84	83.9	600	True
2026-02-20 10:18:43.454	83.79	83.84	83.9	500	True
2026-02-20 10:18:43.469	83.79	83.84	83.91	600	True
2026-02-20 10:18:43.470	83.79	83.84	83.92	300	True
2026-02-20 10:18:43.470	83.79	83.84	83.93	500	True
2026-02-20 10:18:43.470	83.79	83.84	83.92	200	True
2026-02-20 10:18:43.481	83.79	83.84	83.93	200	True
2026-02-20 10:18:43.485	83.79	83.84	83.93	100	True
2026-02-20 10:18:43.533	83.79	83.84	83.87	100	True
2026-02-20 10:18:43.925	83.85	83.91	83.85	500	False
2026-02-20 10:18:43.925	83.85	83.91	83.85	900	False
2026-02-20 10:18:43.936	83.85	83.91	83.9	200	True
2026-02-20 10:18:43.951	83.85	83.91	83.91	100	True
2026-02-20 10:18:44.122	83.85	83.91	83.85	100	False
2026-02-20 10:18:45.579	83.86	83.92	83.92	200	True
2026-02-20 10:18:46.084	83.86	83.92	83.86	300	False
2026-02-20 10:18:46.092	83.86	83.92	83.92	100	True
2026-02-20 10:18:46.181	83.86	83.92	83.91	1000	True
2026-02-20 10:18:46.187	83.86	83.92	83.92	100	True
2026-02-20 10:18:46.202	83.86	83.92	83.87	100	True
2026-02-20 10:18:46.209	83.86	83.92	83.92	100	True
2026-02-20 10:18:46.376	83.86	83.92	83.86	100	False
2026-02-20 10:18:49.229	83.86	83.92	83.86	500	False
2026-02-20 10:18:49.244	83.86	83.92	83.92	100	True
2026-02-20 10:18:49.560	83.86	83.92	83.87	200	True
2026-02-20 10:18:49.568	83.86	83.92	83.92	100	True
2026-02-20 10:18:49.978	83.86	83.9	83.86	300	False
2026-02-20 10:18:49.979	83.86	83.9	83.86	700	False
2026-02-20 10:18:49.980	83.86	83.9	83.86	1200	False
2026-02-20 10:18:50.003	83.86	83.9	83.9	100	True
2026-02-20 10:18:50.017	83.86	83.9	83.92	200	True
2026-02-20 10:18:50.139	83.86	83.9	83.86	100	False
2026-02-20 10:18:50.335	83.85	83.92	83.85	100	False
2026-02-20 10:18:52.613	83.85	83.9	83.85	100	False
2026-02-20 10:18:52.772	83.85	83.9	83.89	500	True
2026-02-20 10:18:52.777	83.85	83.9	83.9	100	True
2026-02-20 10:18:53.239	83.85	83.9	83.9	600	True
2026-02-20 10:18:53.239	83.85	83.9	83.91	300	True
2026-02-20 10:18:53.239	83.85	83.9	83.91	100	True
2026-02-20 10:18:53.261	83.85	83.9	83.92	100	True
2026-02-20 10:18:53.277	83.85	83.9	83.93	100	True
2026-02-20 10:18:53.401	83.87	83.93	83.87	100	False
2026-02-20 10:18:53.504	83.87	83.93	83.87	300	False
2026-02-20 10:18:53.512	83.87	83.93	83.93	100	True
2026-02-20 10:18:55.626	83.86	83.93	83.9	100	True
2026-02-20 10:18:55.664	83.86	83.93	83.91	100	True
2026-02-20 10:18:56.621	83.87	83.92	83.88	1000	True
2026-02-20 10:18:56.627	83.87	83.92	83.92	200	True
2026-02-20 10:18:56.990	83.87	83.93	83.88	100	True
2026-02-20 10:18:58.043	83.87	83.93	83.88	1000	True
2026-02-20 10:18:58.049	83.87	83.93	83.93	200	True
2026-02-20 10:18:58.210	83.87	83.93	83.87	100	False
2026-02-20 10:18:58.217	83.87	83.93	83.93	100	True
2026-02-20 10:18:58.914	83.88	83.93	83.88	300	False
2026-02-20 10:19:00.153	83.87	83.91	83.91	100	True
2026-02-20 10:19:00.376	83.87	83.92	83.87	900	False
2026-02-20 10:19:00.377	83.87	83.92	83.87	100	False
2026-02-20 10:19:00.398	83.87	83.92	83.87	100	False
2026-02-20 10:19:00.647	83.87	83.92	83.85	100	False
2026-02-20 10:19:00.653	83.87	83.92	83.87	100	False
2026-02-20 10:19:01.208	83.85	83.87	83.85	500	False
2026-02-20 10:19:01.211	83.85	83.87	83.85	3900	False
2026-02-20 10:19:01.211	83.85	83.87	83.85	500	False
2026-02-20 10:19:01.224	83.85	83.87	83.87	100	True
2026-02-20 10:19:01.237	83.85	83.87	83.87	200	True
2026-02-20 10:19:01.261	83.85	83.87	83.91	500	True
2026-02-20 10:19:01.392	83.85	83.87	83.86	100	True
2026-02-20 10:19:01.588	83.86	83.92	83.86	300	False
2026-02-20 10:19:01.596	83.86	83.92	83.91	100	True
2026-02-20 10:19:01.603	83.86	83.92	83.91	100	True
2026-02-20 10:19:01.804	83.86	83.91	83.9	700	True
2026-02-20 10:19:02.182	83.86	83.91	83.86	200	False
2026-02-20 10:19:02.189	83.86	83.91	83.91	100	True
2026-02-20 10:19:02.847	83.86	83.92	83.87	1000	True
2026-02-20 10:19:02.856	83.86	83.92	83.92	100	True
2026-02-20 10:19:02.859	83.86	83.92	83.92	100	True
2026-02-20 10:19:03.024	83.86	83.92	83.87	100	True
2026-02-20 10:19:05.259	83.88	83.92	83.92	100	True
2026-02-20 10:19:11.788	83.88	83.9	83.9	100	True
2026-02-20 10:19:12.458	83.9	83.91	83.9	100	False
2026-02-20 10:19:13.500	83.9	83.91	83.9	100	False
2026-02-20 10:19:16.912	83.9	83.91	83.9	400	False
2026-02-20 10:19:16.922	83.9	83.91	83.9	100	False
2026-02-20 10:19:16.923	83.9	83.91	83.9	600	False
2026-02-20 10:19:16.948	83.9	83.91	83.91	100	True
2026-02-20 10:19:16.961	83.9	83.91	83.92	100	True
2026-02-20 10:19:17.113	83.9	83.91	83.89	100	False
2026-02-20 10:19:19.978	83.89	83.9	83.89	400	False
2026-02-20 10:19:20.029	83.89	83.9	83.89	700	False
2026-02-20 10:19:20.041	83.89	83.9	83.9	100	True
2026-02-20 10:19:20.191	83.89	83.9	83.88	100	False
2026-02-20 10:19:22.937	83.88	83.9	83.89	1000	True
2026-02-20 10:19:22.943	83.88	83.9	83.9	200	True
2026-02-20 10:19:27.833	83.88	83.9	83.9	400	True
2026-02-20 10:19:27.836	83.88	83.9	83.9	500	True
2026-02-20 10:19:27.861	83.88	83.9	83.92	100	True
2026-02-20 10:19:27.872	83.88	83.9	83.92	100	True
2026-02-20 10:19:27.998	83.88	83.92	83.88	100	False
2026-02-20 10:19:29.832	83.88	83.92	83.89	1000	True
2026-02-20 10:19:29.838	83.88	83.92	83.92	200	True
2026-02-20 10:19:30.895	83.88	83.92	83.9	600	True
2026-02-20 10:19:30.897	83.88	83.92	83.9	400	True
2026-02-20 10:19:30.901	83.88	83.92	83.92	200	True
2026-02-20 10:19:30.904	83.88	83.92	83.92	5000	True
2026-02-20 10:19:30.921	83.88	83.92	83.93	200	True
2026-02-20 10:19:30.930	83.88	83.92	83.93	200	True
2026-02-20 10:19:30.944	83.88	83.92	83.94	100	True
2026-02-20 10:19:30.944	83.88	83.92	83.94	200	True
2026-02-20 10:19:30.955	83.88	83.92	83.95	400	True
2026-02-20 10:19:30.955	83.88	83.92	83.94	200	True
2026-02-20 10:19:30.956	83.88	83.92	83.95	400	True
2026-02-20 10:19:30.958	83.88	83.92	83.95	1100	True
2026-02-20 10:19:30.961	83.88	83.92	83.95	600	True
2026-02-20 10:19:30.962	83.88	83.92	83.95	38800	True
2026-02-20 10:19:30.969	83.88	83.92	83.96	100	True
2026-02-20 10:19:30.984	83.88	83.92	83.97	1200	True
2026-02-20 10:19:30.984	83.88	83.92	83.97	2600	True
2026-02-20 10:19:30.986	83.88	83.92	83.97	300	True
2026-02-20 10:19:30.992	83.88	83.92	83.97	1200	True
2026-02-20 10:19:30.998	83.88	83.92	83.98	700	True
2026-02-20 10:19:30.998	83.88	83.92	83.97	100	True
2026-02-20 10:19:30.998	83.88	83.92	83.98	100	True
2026-02-20 10:19:30.998	83.88	83.92	83.99	1800	True
2026-02-20 10:19:31.022	83.88	83.92	84.0	2700	True
2026-02-20 10:19:31.026	83.88	83.92	84.0	500	True
2026-02-20 10:19:31.036	83.88	83.92	84.0	900	True
2026-02-20 10:19:31.038	83.88	83.92	84.0	200	True
2026-02-20 10:19:31.038	83.88	83.92	83.99	1500	True
2026-02-20 10:19:31.038	83.88	83.92	83.98	3900	True
2026-02-20 10:19:31.048	83.88	83.92	84.03	400	True
2026-02-20 10:19:31.048	83.88	83.92	84.03	900	True
2026-02-20 10:19:31.048	83.88	83.92	84.04	1100	True
2026-02-20 10:19:31.048	83.88	83.92	84.05	100	True
2026-02-20 10:19:31.048	83.88	83.92	84.04	100	True
2026-02-20 10:19:31.048	83.88	83.92	84.05	400	True
2026-02-20 10:19:31.059	83.88	83.92	83.98	1100	True
2026-02-20 10:19:31.063	83.88	83.92	84.04	200	True
2026-02-20 10:19:31.063	83.88	83.92	84.05	100	True
2026-02-20 10:19:31.071	83.88	83.92	84.01	1200	True
2026-02-20 10:19:31.073	83.88	83.92	84.05	100	True
2026-02-20 10:19:31.087	83.88	83.92	84.0	900	True
2026-02-20 10:19:31.087	83.88	83.92	84.0	1100	True
2026-02-20 10:19:31.097	83.88	83.92	84.05	100	True
2026-02-20 10:19:31.102	83.88	83.92	84.0	1000	True
2026-02-20 10:19:31.110	83.88	83.92	84.06	100	True
2026-02-20 10:19:31.119	83.88	83.92	84.01	1000	True
2026-02-20 10:19:31.169	84.01	84.06	84.01	100	False
2026-02-20 10:19:31.182	84.01	84.06	84.01	1200	False
2026-02-20 10:19:31.192	84.01	84.06	84.04	100	True
2026-02-20 10:19:31.239	84.01	84.06	84.03	1500	True
2026-02-20 10:19:31.247	84.01	84.06	84.04	100	True
2026-02-20 10:19:31.256	84.01	84.06	84.0	1100	False
2026-02-20 10:19:31.256	84.01	84.06	83.99	2300	False
2026-02-20 10:19:31.266	84.01	84.06	84.04	100	True
2026-02-20 10:19:31.274	84.01	84.06	84.04	100	True
2026-02-20 10:19:31.515	84.0	84.05	84.0	300	False
2026-02-20 10:19:31.515	84.0	84.05	83.99	800	False
2026-02-20 10:19:32.212	83.99	84.05	83.99	1600	False
2026-02-20 10:19:32.219	83.99	84.05	83.99	100	False
2026-02-20 10:19:32.234	83.99	84.05	84.02	100	True
2026-02-20 10:19:33.209	83.99	84.02	83.99	100	False
2026-02-20 10:19:33.367	83.99	84.02	84.0	1000	True
2026-02-20 10:19:33.373	83.99	84.02	84.02	100	True
2026-02-20 10:19:33.668	83.99	84.03	84.02	300	True
2026-02-20 10:19:33.942	83.99	84.03	83.99	100	False
2026-02-20 10:19:33.946	83.99	84.03	83.99	300	False
2026-02-20 10:19:33.948	83.99	84.03	83.99	600	False
2026-02-20 10:19:33.963	83.99	84.03	83.98	100	False
2026-02-20 10:19:33.969	83.99	84.03	83.98	600	False
2026-02-20 10:19:33.997	83.99	84.03	83.98	100	False
2026-02-20 10:19:34.268	83.99	84.03	83.96	100	False
2026-02-20 10:19:36.118	83.92	83.97	83.92	100	False
2026-02-20 10:19:36.217	83.92	83.97	83.92	200	False
2026-02-20 10:19:36.282	83.92	83.97	83.97	2300	True
2026-02-20 10:19:36.282	83.92	83.97	83.98	200	True
2026-02-20 10:19:36.299	83.92	83.97	83.99	100	True
2026-02-20 10:19:36.374	83.92	83.97	83.95	200	True
2026-02-20 10:19:40.736	83.95	83.98	83.95	600	False
2026-02-20 10:19:40.750	83.95	83.98	83.97	100	True
2026-02-20 10:19:40.879	83.95	83.98	83.98	100	True
2026-02-20 10:19:44.830	83.96	83.98	83.98	500	True
2026-02-20 10:19:46.730	83.96	83.99	83.99	100	True
2026-02-20 10:19:46.730	83.96	83.99	83.98	100	True
2026-02-20 10:20:00.576	83.96	83.98	83.98	200	True
2026-02-20 10:20:00.576	83.96	83.98	83.99	6300	True
2026-02-20 10:20:00.576	83.96	83.98	83.99	200	True
2026-02-20 10:20:00.576	83.96	83.98	84.0	2300	True
2026-02-20 10:20:00.591	83.96	83.98	84.0	900	True
2026-02-20 10:20:00.593	83.96	83.98	84.0	900	True
2026-02-20 10:20:00.627	83.96	83.98	84.0	100	True
2026-02-20 10:20:00.628	83.96	83.98	84.01	200	True
2026-02-20 10:20:00.628	83.96	83.98	84.02	100	True
2026-02-20 10:20:00.628	83.96	83.98	84.03	500	True
2026-02-20 10:20:00.628	83.96	83.98	84.04	1900	True
2026-02-20 10:20:00.628	83.96	83.98	84.05	1200	True
2026-02-20 10:20:00.678	83.96	83.98	84.06	300	True
2026-02-20 10:20:00.687	83.96	83.98	84.07	500	True
2026-02-20 10:20:00.739	83.96	83.98	84.03	200	True
2026-02-20 10:20:00.936	84.02	84.07	84.02	400	False
2026-02-20 10:20:01.135	84.02	84.07	84.01	100	False
2026-02-20 10:20:01.331	84.0	84.05	84.0	300	False
2026-02-20 10:20:02.240	84.0	84.05	84.0	100	False
2026-02-20 10:20:02.361	84.0	84.05	84.0	100	False
2026-02-20 10:20:02.363	84.0	84.05	84.0	400	False
2026-02-20 10:20:02.367	84.0	84.05	84.0	400	False
2026-02-20 10:20:02.367	84.0	84.05	84.0	200	False
2026-02-20 10:20:02.384	84.0	84.05	84.05	100	True
2026-02-20 10:20:06.755	84.01	84.06	84.02	100	True
2026-02-20 10:20:09.046	84.01	84.04	84.04	100	True
2026-02-20 10:20:10.960	84.01	84.04	84.02	100	True
2026-02-20 10:20:12.101	84.01	84.04	84.03	100	True
2026-02-20 10:20:16.299	84.02	84.05	84.05	300	True
2026-02-20 10:20:16.723	84.02	84.06	84.02	300	False
2026-02-20 10:20:16.726	84.02	84.06	84.01	700	False
2026-02-20 10:20:16.729	84.02	84.06	84.01	1900	False
2026-02-20 10:20:16.745	84.02	84.06	84.01	100	False
2026-02-20 10:20:16.750	84.02	84.06	84.01	100	False
2026-02-20 10:20:16.751	84.02	84.06	84.01	20600	False
2026-02-20 10:20:16.756	84.02	84.06	84.01	1300	False
2026-02-20 10:20:16.767	84.02	84.06	84.05	100	True
2026-02-20 10:20:16.779	84.02	84.06	84.06	100	True
2026-02-20 10:20:16.779	84.02	84.06	84.06	400	True
2026-02-20 10:20:16.789	84.02	84.06	84.07	500	True
2026-02-20 10:20:16.891	84.02	84.06	84.04	200	True
2026-02-20 10:20:17.089	84.03	84.06	84.03	300	False
2026-02-20 10:20:17.099	84.03	84.06	84.06	100	True
2026-02-20 10:20:17.741	84.03	84.07	84.06	100	True
2026-02-20 10:20:18.729	84.03	84.06	84.03	100	False
2026-02-20 10:20:18.737	84.03	84.06	84.03	100	False
2026-02-20 10:20:19.078	84.03	84.06	84.07	500	True
2026-02-20 10:20:20.098	84.03	84.07	84.07	500	True
2026-02-20 10:20:20.102	84.03	84.07	84.07	2500	True
2026-02-20 10:20:20.113	84.03	84.07	84.07	1800	True
2026-02-20 10:20:20.115	84.03	84.07	84.07	100	True
2026-02-20 10:20:20.125	84.03	84.07	84.07	200	True
2026-02-20 10:20:20.131	84.03	84.07	84.07	100	True
2026-02-20 10:20:20.275	84.03	84.08	84.03	300	False
2026-02-20 10:20:20.377	84.03	84.08	84.08	1500	True
2026-02-20 10:20:20.387	84.03	84.08	84.09	100	True
2026-02-20 10:20:20.473	84.03	84.08	84.04	100	True
2026-02-20 10:20:20.670	84.04	84.09	84.04	100	False
2026-02-20 10:20:20.840	84.04	84.09	84.04	100	False
2026-02-20 10:20:22.860	84.04	84.09	84.09	100	True
2026-02-20 10:20:23.146	84.04	84.09	84.09	100	True
2026-02-20 10:20:23.146	84.04	84.09	84.09	400	True
2026-02-20 10:20:23.675	84.04	84.09	84.09	500	True
2026-02-20 10:20:23.934	84.04	84.09	84.05	200	True
2026-02-20 10:20:29.225	84.05	84.1	84.1	200	True
2026-02-20 10:20:29.225	84.05	84.1	84.1	100	True
2026-02-20 10:20:29.241	84.05	84.1	84.1	100	True
2026-02-20 10:20:30.239	84.06	84.1	84.1	200	True
2026-02-20 10:20:30.268	84.06	84.1	84.1	100	True
2026-02-20 10:20:31.287	84.06	84.1	84.1	100	True
2026-02-20 10:20:32.695	84.06	84.1	84.09	100	True
2026-02-20 10:20:32.770	84.06	84.1	84.1	1000	True
2026-02-20 10:20:32.933	84.06	84.1	84.1	100	True
2026-02-20 10:20:33.436	84.1	84.12	84.12	300	True
2026-02-20 10:20:33.443	84.1	84.12	84.12	100	True
2026-02-20 10:20:33.546	84.1	84.12	84.12	200	True
2026-02-20 10:20:33.546	84.1	84.12	84.13	200	True
2026-02-20 10:20:33.546	84.1	84.12	84.14	300	True
2026-02-20 10:20:33.546	84.1	84.12	84.15	300	True
2026-02-20 10:20:33.708	84.1	84.12	84.1	100	False
2026-02-20 10:20:34.230	84.1	84.12	84.12	100	True
2026-02-20 10:20:34.962	84.1	84.12	84.11	100	True
2026-02-20 10:20:35.236	84.1	84.12	84.12	200	True
2026-02-20 10:20:35.259	84.1	84.12	84.12	400	True
2026-02-20 10:20:35.265	84.1	84.12	84.12	100	True
2026-02-20 10:20:35.955	84.1	84.12	84.12	100	True
2026-02-20 10:20:36.277	84.11	84.12	84.12	100	True
2026-02-20 10:20:37.025	84.11	84.12	84.11	100	False
2026-02-20 10:20:39.476	84.11	84.12	84.12	1000	True
2026-02-20 10:20:39.638	84.11	84.12	84.11	100	False
2026-02-20 10:20:39.711	84.11	84.12	84.12	1000	True
2026-02-20 10:20:39.717	84.11	84.12	84.12	200	True
2026-02-20 10:20:39.871	84.11	84.12	84.11	100	False
2026-02-20 10:20:39.959	84.11	84.12	84.12	200	True
2026-02-20 10:20:40.165	84.11	84.12	84.12	400	True
2026-02-20 10:20:40.165	84.11	84.12	84.15	500	True
2026-02-20 10:20:40.165	84.11	84.12	84.16	100	True
2026-02-20 10:20:40.165	84.11	84.12	84.15	100	True
2026-02-20 10:20:40.165	84.11	84.12	84.16	1400	True
2026-02-20 10:20:40.220	84.11	84.12	84.17	100	True
2026-02-20 10:20:40.326	84.11	84.12	84.13	100	True
2026-02-20 10:20:40.524	84.11	84.17	84.13	100	True
2026-02-20 10:20:41.565	84.13	84.18	84.13	100	False
2026-02-20 10:20:41.571	84.13	84.18	84.18	100	True
2026-02-20 10:20:42.506	84.13	84.18	84.18	500	True
2026-02-20 10:20:42.515	84.13	84.18	84.18	300	True
2026-02-20 10:20:42.536	84.13	84.18	84.18	200	True
2026-02-20 10:20:42.547	84.14	84.19	84.15	1000	True
2026-02-20 10:20:42.556	84.14	84.19	84.19	100	True
2026-02-20 10:20:42.556	84.14	84.19	84.2	300	True
2026-02-20 10:20:42.556	84.14	84.19	84.2	1000	True
2026-02-20 10:20:42.718	84.14	84.19	84.14	100	False
2026-02-20 10:20:42.916	84.14	84.19	84.14	100	False
2026-02-20 10:20:43.146	84.14	84.19	84.19	500	True
2026-02-20 10:20:43.154	84.14	84.19	84.19	100	True
2026-02-20 10:20:43.552	84.14	84.19	84.19	100	True
2026-02-20 10:20:43.910	84.15	84.19	84.18	100	True
2026-02-20 10:20:43.910	84.15	84.19	84.18	400	True
2026-02-20 10:20:44.073	84.15	84.18	84.15	100	False
2026-02-20 10:20:45.210	84.15	84.18	84.18	200	True
2026-02-20 10:20:45.210	84.15	84.18	84.19	300	True
2026-02-20 10:20:45.790	84.15	84.2	84.15	400	False
2026-02-20 10:20:45.796	84.15	84.2	84.15	100	False
2026-02-20 10:20:45.801	84.15	84.2	84.15	300	False
2026-02-20 10:20:45.810	84.15	84.2	84.18	100	True
2026-02-20 10:20:45.825	84.15	84.2	84.19	100	True
2026-02-20 10:20:46.753	84.14	84.19	84.19	900	True
2026-02-20 10:20:46.753	84.14	84.19	84.2	1100	True
2026-02-20 10:20:46.764	84.14	84.19	84.2	100	True
2026-02-20 10:20:46.823	84.14	84.19	84.19	100	True
2026-02-20 10:20:46.919	84.14	84.19	84.14	100	False
2026-02-20 10:20:46.924	84.14	84.19	84.14	100	False
2026-02-20 10:20:46.924	84.14	84.19	84.13	900	False
2026-02-20 10:20:46.977	84.14	84.19	84.18	1100	True
2026-02-20 10:20:46.977	84.14	84.19	84.19	2500	True
2026-02-20 10:20:46.977	84.14	84.19	84.2	1600	True
2026-02-20 10:20:46.977	84.14	84.19	84.2	4800	True
2026-02-20 10:20:46.984	84.14	84.19	84.18	100	True
2026-02-20 10:20:46.985	84.14	84.19	84.19	100	True
2026-02-20 10:20:46.990	84.14	84.19	84.19	100	True
2026-02-20 10:20:46.990	84.14	84.19	84.2	400	True
2026-02-20 10:20:47.090	84.14	84.19	84.13	200	False
2026-02-20 10:20:47.287	84.13	84.18	84.13	200	False
2026-02-20 10:20:47.485	84.11	84.17	84.11	1400	False
2026-02-20 10:20:47.496	84.11	84.17	84.16	100	True
2026-02-20 10:20:47.826	84.11	84.16	84.16	500	True
2026-02-20 10:20:48.573	84.11	84.16	84.11	400	False
2026-02-20 10:20:48.576	84.11	84.16	84.11	600	False
2026-02-20 10:20:48.657	84.11	84.16	84.12	100	True
2026-02-20 10:20:48.657	84.11	84.16	84.11	200	False
2026-02-20 10:20:48.657	84.11	84.16	84.1	700	False
2026-02-20 10:20:48.668	84.11	84.16	84.16	100	True
2026-02-20 10:20:48.833	84.11	84.16	84.16	1600	True
2026-02-20 10:20:48.835	84.11	84.16	84.16	800	True
2026-02-20 10:20:48.843	84.11	84.16	84.16	100	True
2026-02-20 10:20:48.901	84.13	84.17	84.13	100	False
2026-02-20 10:20:49.099	84.13	84.17	84.12	100	False
2026-02-20 10:20:49.260	84.11	84.16	84.11	200	False
2026-02-20 10:20:49.260	84.11	84.16	84.1	100	False
2026-02-20 10:20:49.299	84.11	84.16	84.16	100	True
2026-02-20 10:20:49.489	84.11	84.16	84.15	1000	True
2026-02-20 10:20:49.848	84.1	84.12	84.12	100	True
2026-02-20 10:20:53.255	84.12	84.13	84.12	100	False
2026-02-20 10:20:53.375	84.12	84.13	84.15	300	True
2026-02-20 10:20:53.375	84.12	84.13	84.16	200	True
2026-02-20 10:20:54.394	84.12	84.17	84.16	400	True
2026-02-20 10:20:54.400	84.12	84.17	84.16	100	True
2026-02-20 10:20:54.405	84.12	84.17	84.16	100	True
2026-02-20 10:20:55.721	84.13	84.17	84.13	100	False
2026-02-20 10:20:59.110	84.13	84.16	84.13	400	False
2026-02-20 10:20:59.110	84.13	84.16	84.13	100	False
2026-02-20 10:20:59.471	84.12	84.13	84.12	100	False
2026-02-20 10:21:00.033	84.12	84.13	84.12	100	False
2026-02-20 10:21:00.268	84.12	84.13	84.12	100	False
2026-02-20 10:21:02.429	84.12	84.13	84.13	100	True
2026-02-20 10:21:03.447	84.12	84.13	84.13	100	True
2026-02-20 10:21:04.445	84.12	84.13	84.13	100	True
2026-02-20 10:21:04.524	84.12	84.13	84.12	1500	False
2026-02-20 10:21:04.524	84.12	84.13	84.11	100	False
2026-02-20 10:21:04.524	84.12	84.13	84.11	100	False
2026-02-20 10:21:04.524	84.12	84.13	84.1	8700	False
2026-02-20 10:21:04.535	84.12	84.13	84.1	200	False
2026-02-20 10:21:04.539	84.12	84.13	84.09	300	False
2026-02-20 10:21:04.557	84.12	84.13	84.09	100	False
2026-02-20 10:21:04.559	84.12	84.13	84.08	1000	False
2026-02-20 10:21:04.559	84.12	84.13	84.08	100	False
2026-02-20 10:21:04.560	84.12	84.13	84.06	300	False
2026-02-20 10:21:04.560	84.12	84.13	84.05	1800	False
2026-02-20 10:21:04.560	84.12	84.13	84.04	300	False
2026-02-20 10:21:04.562	84.12	84.13	84.09	100	False
2026-02-20 10:21:04.565	84.12	84.13	84.09	400	False
2026-02-20 10:21:04.582	84.12	84.13	84.09	400	False
2026-02-20 10:21:04.596	84.12	84.13	84.09	500	False
2026-02-20 10:21:04.596	84.12	84.13	84.09	2000	False
2026-02-20 10:21:04.602	84.08	84.1	84.1	700	True
2026-02-20 10:21:04.605	84.08	84.1	84.09	100	True
2026-02-20 10:21:04.605	84.08	84.1	84.08	100	False
2026-02-20 10:21:04.606	84.08	84.1	84.07	100	False
2026-02-20 10:21:04.617	84.08	84.1	84.1	200	True
2026-02-20 10:21:04.702	84.08	84.1	84.09	100	True
2026-02-20 10:21:04.769	84.08	84.1	84.09	100	True
2026-02-20 10:21:04.883	84.08	84.1	84.08	100	False
2026-02-20 10:21:05.078	84.07	84.11	84.08	100	True
2026-02-20 10:21:05.078	84.07	84.11	84.07	300	False
2026-02-20 10:21:05.277	84.07	84.11	84.07	300	False
2026-02-20 10:21:05.277	84.07	84.11	84.06	700	False
2026-02-20 10:21:05.284	84.07	84.11	84.11	100	True
2026-02-20 10:21:05.544	84.07	84.11	84.11	100	True
2026-02-20 10:21:06.554	84.09	84.11	84.11	300	True
2026-02-20 10:21:07.819	84.11	84.12	84.12	200	True
2026-02-20 10:21:07.819	84.11	84.12	84.13	500	True
2026-02-20 10:21:07.819	84.11	84.12	84.14	300	True
2026-02-20 10:21:08.765	84.11	84.14	84.14	100	True
2026-02-20 10:21:08.776	84.11	84.14	84.15	100	True
2026-02-20 10:21:08.838	84.13	84.15	84.15	100	True
2026-02-20 10:21:08.849	84.13	84.15	84.15	1800	True
2026-02-20 10:21:08.850	84.13	84.15	84.13	1100	False
2026-02-20 10:21:08.851	84.13	84.15	84.15	100	True
2026-02-20 10:21:08.860	84.13	84.15	84.11	100	False
2026-02-20 10:21:08.868	84.13	84.15	84.15	100	True
2026-02-20 10:21:08.885	84.13	84.15	84.11	100	False
2026-02-20 10:21:09.002	84.13	84.15	84.14	100	True
2026-02-20 10:21:09.162	84.1	84.14	84.1	200	False
2026-02-20 10:21:09.359	84.1	84.14	84.09	200	False
2026-02-20 10:21:09.366	84.1	84.14	84.14	100	True
2026-02-20 10:21:13.024	84.08	84.13	84.13	100	True
2026-02-20 10:21:13.276	84.08	84.13	84.13	100	True
2026-02-20 10:21:17.339	84.08	84.11	84.11	200	True
2026-02-20 10:21:17.339	84.08	84.11	84.12	300	True
2026-02-20 10:21:17.564	84.08	84.12	84.11	100	True
2026-02-20 10:21:21.706	84.08	84.12	84.12	100	True
2026-02-20 10:21:22.159	84.08	84.12	84.12	100	True
2026-02-20 10:21:22.159	84.08	84.12	84.13	100	True
2026-02-20 10:21:22.433	84.08	84.12	84.13	100	True
2026-02-20 10:21:22.562	84.08	84.14	84.08	1000	False
2026-02-20 10:21:22.562	84.08	84.14	84.09	200	True
2026-02-20 10:21:22.588	84.08	84.14	84.13	100	True
2026-02-20 10:21:24.819	84.08	84.13	84.13	100	True
2026-02-20 10:21:25.045	84.09	84.13	84.13	100	True
2026-02-20 10:21:26.484	84.09	84.13	84.09	300	False
2026-02-20 10:21:26.484	84.09	84.13	84.08	200	False
2026-02-20 10:21:26.486	84.09	84.13	84.09	400	False
2026-02-20 10:21:26.488	84.09	84.13	84.09	300	False
2026-02-20 10:21:26.501	84.09	84.13	84.09	100	False
2026-02-20 10:21:26.511	84.09	84.13	84.09	100	False
2026-02-20 10:21:26.522	84.09	84.13	84.08	1000	False
2026-02-20 10:21:26.528	84.09	84.13	84.08	100	False
2026-02-20 10:21:26.528	84.09	84.13	84.08	400	False
2026-02-20 10:21:26.531	84.09	84.13	84.08	100	False
2026-02-20 10:21:26.856	84.07	84.09	84.07	400	False
2026-02-20 10:21:26.869	84.07	84.09	84.08	100	True
2026-02-20 10:21:27.264	84.03	84.09	84.04	400	True
2026-02-20 10:21:27.269	84.03	84.09	84.03	300	False
2026-02-20 10:21:27.269	84.03	84.09	84.03	900	False
2026-02-20 10:21:27.269	84.03	84.09	84.02	1100	False
2026-02-20 10:21:27.278	84.03	84.09	84.07	100	True
2026-02-20 10:21:27.466	84.02	84.07	84.02	200	False
2026-02-20 10:21:27.474	84.02	84.07	84.08	100	True
2026-02-20 10:21:28.241	84.02	84.08	84.02	100	False
2026-02-20 10:21:28.241	84.02	84.08	84.03	100	True
2026-02-20 10:21:28.348	84.02	84.08	84.08	100	True
2026-02-20 10:21:31.086	84.02	84.08	84.03	600	True
2026-02-20 10:21:31.094	84.02	84.08	84.08	100	True
2026-02-20 10:21:32.915	84.02	84.08	84.08	200	True
2026-02-20 10:21:38.873	84.04	84.08	84.08	1000	True
2026-02-20 10:21:39.037	84.04	84.09	84.04	100	False
2026-02-20 10:21:39.037	84.04	84.09	84.05	100	True
2026-02-20 10:21:41.713	84.04	84.06	84.06	100	True
2026-02-20 10:21:41.713	84.04	84.06	84.09	900	True
2026-02-20 10:21:41.739	84.04	84.06	84.09	100	True
2026-02-20 10:21:41.785	84.04	84.06	84.04	700	False
2026-02-20 10:21:41.789	84.04	84.06	84.04	300	False
2026-02-20 10:21:41.798	84.04	84.06	84.04	100	False
2026-02-20 10:21:41.820	84.04	84.06	84.04	100	False
2026-02-20 10:21:41.840	84.04	84.06	84.04	100	False
2026-02-20 10:21:41.876	84.04	84.06	84.03	300	False
2026-02-20 10:21:41.886	84.04	84.06	84.02	200	False
2026-02-20 10:21:41.886	84.04	84.06	84.02	400	False
2026-02-20 10:21:41.887	84.04	84.06	84.01	100	False
2026-02-20 10:21:41.938	84.04	84.06	84.0	5200	False
2026-02-20 10:21:41.942	84.04	84.06	83.99	100	False
2026-02-20 10:21:41.955	84.04	84.06	84.0	300	False
2026-02-20 10:21:42.014	84.04	84.06	84.01	100	False
2026-02-20 10:21:42.334	83.98	84.01	83.98	400	False
2026-02-20 10:21:42.531	83.98	84.01	83.98	200	False
2026-02-20 10:21:42.729	83.98	84.01	83.97	500	False
2026-02-20 10:21:42.740	83.98	84.01	84.01	100	True
2026-02-20 10:21:43.747	83.97	84.01	83.98	400	True
2026-02-20 10:21:43.747	83.97	84.01	83.97	600	False
2026-02-20 10:21:45.136	83.96	84.0	84.0	700	True
2026-02-20 10:21:50.604	83.96	84.0	84.0	200	True
2026-02-20 10:21:50.613	83.96	84.0	84.0	100	True
2026-02-20 10:21:52.986	83.97	84.02	83.98	300	True
2026-02-20 10:21:54.612	83.96	84.01	83.97	700	True
2026-02-20 10:21:54.897	83.96	84.01	83.97	100	True
2026-02-20 10:21:55.158	83.96	84.01	83.97	100	True
2026-02-20 10:21:56.481	83.96	84.01	84.0	100	True
2026-02-20 10:21:56.481	83.96	84.01	84.01	200	True
2026-02-20 10:21:56.482	83.96	84.01	84.0	100	True
2026-02-20 10:21:56.493	83.96	84.01	84.0	100	True
2026-02-20 10:21:56.508	83.96	84.01	84.0	200	True
2026-02-20 10:21:56.524	83.96	84.01	84.0	100	True
2026-02-20 10:21:56.533	83.96	84.01	83.99	100	True
2026-02-20 10:21:57.599	83.98	84.01	83.99	100	True
2026-02-20 10:22:00.623	83.96	84.01	83.97	100	True
2026-02-20 10:22:01.042	83.97	84.01	84.0	100	True
2026-02-20 10:22:01.170	83.97	84.01	84.0	100	True
2026-02-20 10:22:01.238	83.97	84.01	84.01	900	True
2026-02-20 10:22:01.238	83.97	84.01	84.02	300	True
2026-02-20 10:22:01.460	83.97	84.02	83.97	100	False
2026-02-20 10:22:01.596	83.97	84.02	83.97	100	False
2026-02-20 10:22:01.603	83.97	84.02	84.02	100	True
2026-02-20 10:22:01.747	83.97	84.02	84.02	100	True
2026-02-20 10:22:01.747	83.97	84.02	84.03	500	True
2026-02-20 10:22:01.747	83.97	84.02	84.03	200	True
2026-02-20 10:22:01.747	83.97	84.02	84.04	200	True
2026-02-20 10:22:01.910	83.97	84.02	83.98	100	True
2026-02-20 10:22:04.564	83.98	84.03	83.99	100	True
2026-02-20 10:22:04.572	83.98	84.03	84.02	100	True
2026-02-20 10:22:04.632	83.98	84.03	84.02	100	True
2026-02-20 10:22:04.804	83.98	84.03	83.99	100	True
2026-02-20 10:22:11.519	84.0	84.03	84.03	100	True
2026-02-20 10:22:11.519	84.0	84.03	84.02	100	True
2026-02-20 10:22:17.177	84.0	84.03	84.02	2900	True
2026-02-20 10:22:17.177	84.0	84.03	84.03	100	True
2026-02-20 10:22:17.183	84.0	84.03	84.03	100	True
2026-02-20 10:22:17.198	84.0	84.03	84.04	100	True
2026-02-20 10:22:20.305	84.0	84.04	84.0	100	False
2026-02-20 10:22:23.771	84.0	84.02	84.02	100	True
2026-02-20 10:22:27.695	84.0	84.04	84.0	1800	False
2026-02-20 10:22:27.713	84.0	84.04	84.01	100	True
2026-02-20 10:22:27.714	84.0	84.04	84.0	1000	False
2026-02-20 10:22:27.718	84.0	84.04	84.0	700	False
2026-02-20 10:22:27.722	84.0	84.04	84.0	400	False
2026-02-20 10:22:27.727	84.0	84.04	84.0	100	False
2026-02-20 10:22:27.733	84.0	84.04	84.0	100	False
2026-02-20 10:22:27.879	84.0	84.04	83.99	100	False
2026-02-20 10:22:28.076	83.98	84.0	83.98	400	False
2026-02-20 10:22:29.196	83.98	84.0	83.98	100	False
2026-02-20 10:22:29.202	83.98	84.0	83.98	100	False
2026-02-20 10:22:29.203	83.98	84.0	84.0	100	True
2026-02-20 10:22:40.735	83.98	84.0	83.98	100	False
2026-02-20 10:22:41.211	83.98	84.0	83.98	700	False
2026-02-20 10:22:41.216	83.98	84.0	83.97	400	False
2026-02-20 10:22:41.218	83.98	84.0	83.97	100	False
2026-02-20 10:22:41.218	83.98	84.0	83.97	200	False
2026-02-20 10:22:43.130	83.96	83.98	83.96	800	False
2026-02-20 10:22:43.130	83.96	83.98	83.95	100	False
2026-02-20 10:22:43.130	83.96	83.98	83.95	100	False
2026-02-20 10:22:43.130	83.96	83.98	83.94	100	False
2026-02-20 10:22:43.157	83.96	83.98	83.96	100	False
2026-02-20 10:22:43.493	83.93	83.96	83.93	100	False
2026-02-20 10:22:47.290	83.93	83.96	83.93	1200	False
2026-02-20 10:22:47.316	83.93	83.96	83.91	600	False
2026-02-20 10:22:47.316	83.93	83.96	83.9	1200	False
2026-02-20 10:22:47.318	83.93	83.96	83.91	100	False
2026-02-20 10:22:47.331	83.93	83.96	83.91	2000	False
2026-02-20 10:22:47.333	83.93	83.96	83.9	1100	False
2026-02-20 10:22:47.333	83.93	83.96	83.9	100	False
2026-02-20 10:22:47.333	83.93	83.96	83.91	2200	False
2026-02-20 10:22:47.362	83.93	83.96	83.94	100	True
2026-02-20 10:22:47.380	83.93	83.96	83.95	200	True
2026-02-20 10:22:47.424	83.93	83.96	83.92	500	False
2026-02-20 10:22:47.424	83.93	83.96	83.91	200	False
2026-02-20 10:22:47.424	83.93	83.96	83.9	100	False
2026-02-20 10:22:47.424	83.93	83.96	83.89	200	False
2026-02-20 10:22:47.437	83.93	83.96	83.95	100	True
2026-02-20 10:22:47.650	83.92	83.95	83.92	100	False
2026-02-20 10:22:47.650	83.92	83.95	83.91	100	False
2026-02-20 10:22:47.848	83.9	83.96	83.9	200	False
2026-02-20 10:22:47.848	83.9	83.96	83.89	400	False
2026-02-20 10:22:48.049	83.9	83.96	83.89	100	False
2026-02-20 10:22:48.785	83.91	83.96	83.96	300	True
2026-02-20 10:22:48.793	83.91	83.96	83.96	100	True
2026-02-20 10:22:49.228	83.91	83.96	83.91	100	False
2026-02-20 10:22:53.132	83.9	83.95	83.9	200	False
2026-02-20 10:22:53.175	83.9	83.95	83.89	300	False
2026-02-20 10:22:53.184	83.9	83.95	83.88	100	False
2026-02-20 10:22:54.480	83.87	83.88	83.87	200	False
2026-02-20 10:22:55.152	83.87	83.88	83.87	200	False
2026-02-20 10:22:56.738	83.85	83.87	83.86	500	True
2026-02-20 10:22:57.359	83.85	83.87	83.86	100	True
2026-02-20 10:22:57.878	83.85	83.87	83.85	200	False
2026-02-20 10:22:57.884	83.85	83.87	83.87	100	True
2026-02-20 10:22:58.889	83.85	83.88	83.85	200	False
2026-02-20 10:23:00.429	83.85	83.88	83.85	200	False
2026-02-20 10:23:01.466	83.84	83.88	83.84	200	False
2026-02-20 10:23:01.783	83.84	83.88	83.84	100	False
2026-02-20 10:23:03.644	83.84	83.87	83.84	100	False
2026-02-20 10:23:03.939	83.84	83.87	83.84	100	False
2026-02-20 10:23:04.304	83.83	83.87	83.87	100	True
2026-02-20 10:23:04.741	83.83	83.87	83.83	300	False
2026-02-20 10:23:04.857	83.83	83.87	83.82	200	False
2026-02-20 10:23:04.865	83.83	83.87	83.82	100	False
2026-02-20 10:23:04.865	83.83	83.87	83.82	700	False
2026-02-20 10:23:04.889	83.83	83.87	83.82	100	False
2026-02-20 10:23:04.894	83.83	83.87	83.82	100	False
2026-02-20 10:23:05.153	83.82	83.87	83.82	100	False
2026-02-20 10:23:05.451	83.82	83.87	83.86	100	True
2026-02-20 10:23:08.263	83.82	83.86	83.82	300	False
2026-02-20 10:23:08.275	83.82	83.86	83.82	600	False
2026-02-20 10:23:08.278	83.82	83.86	83.81	200	False
2026-02-20 10:23:08.278	83.82	83.86	83.8	1000	False
2026-02-20 10:23:08.288	83.82	83.86	83.82	4900	False
2026-02-20 10:23:08.314	83.82	83.86	83.82	2500	False
2026-02-20 10:23:08.321	83.82	83.86	83.82	1300	False
2026-02-20 10:23:08.327	83.82	83.86	83.82	100	False
2026-02-20 10:23:08.332	83.82	83.86	83.82	100	False
2026-02-20 10:23:08.334	83.82	83.86	83.82	1100	False
2026-02-20 10:23:08.343	83.82	83.86	83.85	400	True
2026-02-20 10:23:08.363	83.82	83.86	83.86	100	True
2026-02-20 10:23:08.472	83.82	83.86	83.84	100	True
2026-02-20 10:23:08.472	83.82	83.86	83.83	100	True
2026-02-20 10:23:08.472	83.82	83.86	83.82	200	False
2026-02-20 10:23:08.472	83.82	83.86	83.81	600	False
2026-02-20 10:23:08.482	83.82	83.86	83.87	100	True
2026-02-20 10:23:08.500	83.84	83.87	83.84	100	False
2026-02-20 10:23:08.524	83.84	83.87	83.83	100	False
2026-02-20 10:23:08.524	83.84	83.87	83.82	100	False
2026-02-20 10:23:08.524	83.84	83.87	83.81	100	False
2026-02-20 10:23:08.684	83.84	83.87	83.81	100	False
2026-02-20 10:23:09.043	83.8	83.86	83.8	400	False
2026-02-20 10:23:09.239	83.8	83.86	83.8	200	False
2026-02-20 10:23:11.929	83.8	83.85	83.84	200	True
2026-02-20 10:23:11.986	83.8	83.85	83.81	100	True
2026-02-20 10:23:11.986	83.8	83.85	83.8	200	False
2026-02-20 10:23:11.996	83.8	83.85	83.82	100	True
2026-02-20 10:23:13.047	83.81	83.85	83.81	400	False
2026-02-20 10:23:13.047	83.81	83.85	83.8	200	False
2026-02-20 10:23:13.047	83.81	83.85	83.79	200	False
2026-02-20 10:23:13.047	83.81	83.85	83.79	200	False
2026-02-20 10:23:13.407	83.79	83.85	83.79	100	False
2026-02-20 10:23:17.802	83.79	83.82	83.8	1000	True
2026-02-20 10:23:17.808	83.79	83.82	83.82	100	True
2026-02-20 10:23:19.978	83.79	83.82	83.79	400	False
2026-02-20 10:23:19.983	83.79	83.82	83.79	200	False
2026-02-20 10:23:20.000	83.79	83.82	83.79	2000	False
2026-02-20 10:23:20.023	83.79	83.82	83.81	100	True
2026-02-20 10:23:20.141	83.78	83.82	83.79	100	True
2026-02-20 10:23:20.346	83.78	83.82	83.78	200	False
2026-02-20 10:23:24.733	83.78	83.82	83.79	200	True
2026-02-20 10:23:27.839	83.8	83.82	83.82	100	True
2026-02-20 10:23:27.839	83.8	83.82	83.84	1000	True
2026-02-20 10:23:27.865	83.8	83.82	83.83	100	True
2026-02-20 10:23:28.002	83.8	83.82	83.82	100	True
2026-02-20 10:23:31.474	83.82	83.85	83.84	500	True
2026-02-20 10:23:36.316	83.82	83.85	83.85	500	True
2026-02-20 10:23:36.349	83.82	83.85	83.87	100	True
2026-02-20 10:23:39.547	83.82	83.87	83.83	100	True
2026-02-20 10:23:39.547	83.82	83.87	83.82	300	False
2026-02-20 10:23:46.731	83.82	83.86	83.82	500	False
2026-02-20 10:23:46.731	83.82	83.86	83.82	500	False
2026-02-20 10:23:47.089	83.81	83.85	83.81	100	False
2026-02-20 10:23:59.041	83.81	83.83	83.82	700	True
2026-02-20 10:23:59.047	83.81	83.83	83.83	100	True
2026-02-20 10:24:03.446	83.81	83.83	83.82	500	True
2026-02-20 10:24:14.817	83.81	83.83	83.83	2000	True
2026-02-20 10:24:14.849	83.81	83.83	83.85	100	True
2026-02-20 10:24:14.980	83.81	83.83	83.82	200	True
2026-02-20 10:24:40.776	83.82	83.85	83.82	300	False
2026-02-20 10:24:40.797	83.82	83.85	83.82	100	False
2026-02-20 10:24:41.445	83.81	83.82	83.81	100	False
2026-02-20 10:24:45.544	83.81	83.82	83.81	200	False
2026-02-20 10:24:45.939	83.81	83.82	83.82	100	True
2026-02-20 10:24:45.946	83.81	83.82	83.82	100	True
2026-02-20 10:25:00.457	83.81	83.82	83.82	600	True
2026-02-20 10:25:00.461	83.81	83.82	83.83	100	True
2026-02-20 10:25:00.618	83.82	83.85	83.82	100	False
2026-02-20 10:25:01.286	83.82	83.85	83.82	500	False
2026-02-20 10:25:01.587	83.81	83.85	83.81	3200	False
2026-02-20 10:25:01.587	83.81	83.85	83.81	100	False
2026-02-20 10:25:01.598	83.81	83.85	83.81	500	False
2026-02-20 10:25:01.615	83.81	83.85	83.84	100	True
2026-02-20 10:25:01.642	83.81	83.85	83.85	100	True
2026-02-20 10:25:01.749	83.81	83.85	83.81	100	False
2026-02-20 10:25:01.946	83.81	83.85	83.81	200	False
2026-02-20 10:25:01.974	83.81	83.85	83.81	1100	False
2026-02-20 10:25:01.983	83.81	83.85	83.84	100	True
2026-02-20 10:25:02.144	83.81	83.85	83.82	100	True
2026-02-20 10:25:02.260	83.81	83.85	83.81	300	False
2026-02-20 10:25:02.376	83.81	83.85	83.82	100	True
2026-02-20 10:25:02.541	83.81	83.85	83.82	100	True
2026-02-20 10:25:02.541	83.81	83.85	83.81	300	False
2026-02-20 10:25:02.932	83.8	83.85	83.8	2600	False
2026-02-20 10:25:02.945	83.8	83.85	83.84	100	True
2026-02-20 10:25:02.952	83.79	83.84	83.84	100	True
2026-02-20 10:25:03.097	83.79	83.84	83.79	100	False
2026-02-20 10:25:03.294	83.79	83.84	83.79	100	False
2026-02-20 10:25:03.595	83.79	83.84	83.8	200	True
2026-02-20 10:25:06.234	83.79	83.82	83.79	1000	False
2026-02-20 10:25:06.251	83.79	83.82	83.82	100	True
2026-02-20 10:25:06.400	83.79	83.82	83.79	100	False
2026-02-20 10:25:06.667	83.79	83.82	83.79	800	False
2026-02-20 10:25:06.673	83.79	83.82	83.78	1000	False
2026-02-20 10:25:06.697	83.79	83.82	83.8	100	True
2026-02-20 10:25:06.999	83.76	83.8	83.76	100	False
2026-02-20 10:25:06.999	83.76	83.8	83.75	200	False
2026-02-20 10:25:06.999	83.76	83.8	83.74	100	False
2026-02-20 10:25:06.999	83.76	83.8	83.73	700	False
2026-02-20 10:25:07.091	83.76	83.8	83.74	100	False
2026-02-20 10:25:07.356	83.73	83.79	83.73	300	False
2026-02-20 10:25:10.296	83.73	83.77	83.74	100	True
2026-02-20 10:25:11.569	83.75	83.77	83.75	200	False
2026-02-20 10:25:12.803	83.72	83.75	83.75	400	True
2026-02-20 10:25:12.806	83.72	83.75	83.76	100	True
2026-02-20 10:25:12.820	83.72	83.75	83.77	100	True
2026-02-20 10:25:12.847	83.72	83.75	83.75	1000	True
2026-02-20 10:25:15.470	83.74	83.8	83.75	1000	True
2026-02-20 10:25:15.476	83.74	83.8	83.8	100	True
2026-02-20 10:25:23.943	83.76	83.8	83.79	500	True
2026-02-20 10:25:28.261	83.76	83.8	83.76	100	False
2026-02-20 10:25:28.751	83.76	83.8	83.76	200	False
2026-02-20 10:25:33.520	83.78	83.8	83.8	100	True
2026-02-20 10:25:33.526	83.78	83.8	83.8	300	True
2026-02-20 10:25:33.547	83.78	83.8	83.8	100	True
2026-02-20 10:25:33.884	83.78	83.81	83.78	100	False
2026-02-20 10:25:33.891	83.78	83.81	83.81	100	True
2026-02-20 10:25:34.117	83.78	83.81	83.79	600	True
2026-02-20 10:25:36.244	83.78	83.82	83.81	100	True
2026-02-20 10:25:39.069	83.78	83.82	83.81	1000	True
2026-02-20 10:25:51.879	83.79	83.82	83.79	600	False
2026-02-20 10:25:51.903	83.78	83.82	83.79	100	False
2026-02-20 10:25:51.925	83.78	83.79	83.78	400	False
2026-02-20 10:25:51.925	83.78	83.79	83.77	500	False
2026-02-20 10:25:51.964	83.78	83.79	83.76	100	False
2026-02-20 10:25:51.991	83.78	83.79	83.76	900	False
2026-02-20 10:25:51.992	83.78	83.79	83.77	5100	False
2026-02-20 10:25:52.002	83.78	83.79	83.79	3800	True
2026-02-20 10:25:52.014	83.78	83.79	83.81	100	True
2026-02-20 10:25:52.030	83.78	83.79	83.82	400	True
2026-02-20 10:25:52.062	83.78	83.79	83.77	200	False
2026-02-20 10:25:52.062	83.78	83.79	83.77	100	False
2026-02-20 10:25:52.062	83.78	83.79	83.76	500	False
2026-02-20 10:25:52.062	83.78	83.79	83.75	200	False
2026-02-20 10:25:52.064	83.78	83.79	83.76	100	False
2026-02-20 10:25:52.064	83.78	83.79	83.75	900	False
2026-02-20 10:25:52.073	83.78	83.79	83.81	100	True
2026-02-20 10:25:52.385	83.76	83.81	83.76	100	False
2026-02-20 10:25:52.390	83.76	83.81	83.8	100	True
2026-02-20 10:25:52.581	83.76	83.81	83.76	200	False
2026-02-20 10:25:52.632	83.76	83.81	83.76	200	False
2026-02-20 10:25:52.632	83.76	83.81	83.75	200	False
2026-02-20 10:25:52.830	83.75	83.81	83.75	200	False
2026-02-20 10:25:52.830	83.75	83.81	83.74	300	False
2026-02-20 10:25:53.023	83.75	83.81	83.75	200	False
2026-02-20 10:26:00.911	83.74	83.79	83.78	100	True
2026-02-20 10:26:04.536	83.74	83.79	83.75	300	True
2026-02-20 10:26:08.178	83.75	83.8	83.75	400	False
2026-02-20 10:26:08.180	83.75	83.8	83.75	400	False
2026-02-20 10:26:08.183	83.75	83.8	83.75	600	False
2026-02-20 10:26:08.206	83.75	83.8	83.75	200	False
2026-02-20 10:26:08.206	83.75	83.8	83.74	1500	False
2026-02-20 10:26:08.209	83.75	83.8	83.74	200	False
2026-02-20 10:26:08.211	83.75	83.8	83.74	100	False
2026-02-20 10:26:08.228	83.75	83.8	83.74	400	False
2026-02-20 10:26:08.230	83.75	83.8	83.74	100	False
2026-02-20 10:26:08.232	83.75	83.8	83.74	500	False
2026-02-20 10:26:08.263	83.75	83.8	83.79	100	True
2026-02-20 10:26:08.371	83.75	83.8	83.74	100	False
2026-02-20 10:26:08.394	83.75	83.8	83.73	100	False
2026-02-20 10:26:09.356	83.73	83.78	83.76	1000	True
2026-02-20 10:26:10.922	83.74	83.78	83.74	400	False
2026-02-20 10:26:10.929	83.74	83.78	83.74	100	False
2026-02-20 10:26:10.929	83.74	83.78	83.73	800	False
2026-02-20 10:26:10.937	83.74	83.78	83.73	200	False
2026-02-20 10:26:10.945	83.74	83.78	83.73	100	False
2026-02-20 10:26:10.951	83.74	83.78	83.73	800	False
2026-02-20 10:26:10.961	83.74	83.78	83.72	900	False
2026-02-20 10:26:10.961	83.74	83.78	83.72	100	False
2026-02-20 10:26:10.961	83.74	83.78	83.73	100	False
2026-02-20 10:26:10.966	83.74	83.78	83.76	100	True
2026-02-20 10:26:10.979	83.74	83.78	83.76	100	True
2026-02-20 10:26:11.158	83.74	83.78	83.72	100	False
2026-02-20 10:26:11.342	83.72	83.76	83.72	200	False
2026-02-20 10:26:13.939	83.72	83.77	83.73	200	True
2026-02-20 10:26:26.475	83.75	83.78	83.75	200	False
2026-02-20 10:26:26.480	83.75	83.78	83.75	400	False
2026-02-20 10:26:26.495	83.75	83.78	83.77	100	True
2026-02-20 10:26:26.644	83.74	83.78	83.74	100	False
2026-02-20 10:26:34.008	83.72	83.77	83.72	700	False
2026-02-20 10:26:41.665	83.73	83.77	83.77	200	True
2026-02-20 10:26:41.667	83.73	83.77	83.78	400	True
2026-02-20 10:26:41.831	83.73	83.77	83.76	100	True
2026-02-20 10:26:42.261	83.76	83.8	83.76	1000	False
2026-02-20 10:26:42.267	83.76	83.8	83.8	100	True
2026-02-20 10:26:43.074	83.77	83.82	83.78	300	True
2026-02-20 10:26:43.493	83.77	83.82	83.82	100	True
2026-02-20 10:26:43.495	83.77	83.82	83.82	100	True
2026-02-20 10:26:43.497	83.77	83.82	83.82	800	True
2026-02-20 10:26:43.521	83.77	83.82	83.81	100	True
2026-02-20 10:26:43.524	83.77	83.82	83.8	100	True
2026-02-20 10:26:43.853	83.78	83.82	83.78	100	False
2026-02-20 10:26:48.595	83.78	83.82	83.81	200	True
2026-02-20 10:26:58.080	83.78	83.82	83.82	1400	True
2026-02-20 10:26:58.082	83.78	83.82	83.82	2000	True
2026-02-20 10:26:58.085	83.78	83.82	83.82	1000	True
2026-02-20 10:26:58.093	83.78	83.82	83.82	1200	True
2026-02-20 10:26:58.094	83.78	83.82	83.82	200	True
2026-02-20 10:26:58.097	83.78	83.82	83.82	100	True
2026-02-20 10:26:58.098	83.82	83.83	83.82	100	False
2026-02-20 10:26:58.101	83.82	83.83	83.83	100	True
2026-02-20 10:26:58.104	83.82	83.83	83.82	1200	False
2026-02-20 10:26:58.114	83.82	83.83	83.82	100	False
2026-02-20 10:26:58.115	83.82	83.83	83.83	200	True
2026-02-20 10:26:58.116	83.82	83.83	83.82	500	False
2026-02-20 10:26:58.122	83.82	83.83	83.83	100	True
2026-02-20 10:26:58.243	83.82	83.83	83.82	100	False
2026-02-20 10:26:58.328	83.82	83.83	83.82	1000	False
2026-02-20 10:26:58.337	83.82	83.83	83.83	100	True
2026-02-20 10:26:58.441	83.82	83.83	83.82	200	False
2026-02-20 10:26:58.444	83.82	83.83	83.82	1100	False
2026-02-20 10:26:58.447	83.82	83.83	83.82	1000	False
2026-02-20 10:26:58.448	83.82	83.83	83.82	100	False
2026-02-20 10:26:58.456	83.82	83.83	83.83	100	True
2026-02-20 10:26:58.479	83.82	83.83	83.82	3100	False
2026-02-20 10:26:58.481	83.82	83.83	83.82	300	False
2026-02-20 10:26:58.487	83.82	83.83	83.83	100	True
2026-02-20 10:26:58.487	83.82	83.83	83.82	100	False
2026-02-20 10:26:58.489	83.82	83.83	83.82	1200	False
2026-02-20 10:26:58.492	83.82	83.83	83.83	100	True
2026-02-20 10:26:58.500	83.82	83.83	83.82	900	False
2026-02-20 10:26:58.511	83.82	83.83	83.84	100	True
2026-02-20 10:26:58.528	83.82	83.83	83.82	1000	False
2026-02-20 10:26:58.536	83.82	83.83	83.82	1000	False
2026-02-20 10:26:58.546	83.82	83.83	83.83	100	True
2026-02-20 10:26:58.547	83.82	83.83	83.82	200	False
2026-02-20 10:26:58.572	83.82	83.83	83.83	100	True
2026-02-20 10:26:58.597	83.82	83.83	83.82	800	False
2026-02-20 10:26:58.598	83.82	83.83	83.82	100	False
2026-02-20 10:26:58.623	83.82	83.83	83.83	100	True
2026-02-20 10:26:58.631	83.82	83.83	83.82	1100	False
2026-02-20 10:26:58.633	83.82	83.83	83.83	100	True
2026-02-20 10:26:58.638	83.82	83.83	83.82	500	False
2026-02-20 10:26:58.835	83.82	83.83	83.82	1200	False
2026-02-20 10:26:58.836	83.82	83.83	83.82	3000	False
2026-02-20 10:26:58.837	83.82	83.83	83.82	2000	False
2026-02-20 10:26:58.841	83.82	83.83	83.83	100	True
2026-02-20 10:26:58.853	83.82	83.83	83.84	100	True
2026-02-20 10:26:58.867	83.82	83.83	83.82	1600	False
2026-02-20 10:26:58.868	83.82	83.83	83.84	100	True
2026-02-20 10:26:58.868	83.82	83.83	83.85	100	True
2026-02-20 10:26:58.870	83.82	83.83	83.82	1100	False
2026-02-20 10:26:58.881	83.82	83.83	83.83	100	True
2026-02-20 10:26:59.129	83.82	83.83	83.82	1000	False
2026-02-20 10:26:59.137	83.82	83.83	83.85	100	True
2026-02-20 10:26:59.159	83.83	83.87	83.83	100	False
2026-02-20 10:26:59.159	83.83	83.87	83.82	400	False
2026-02-20 10:26:59.194	83.83	83.87	83.83	100	False
2026-02-20 10:26:59.194	83.83	83.87	83.82	900	False
2026-02-20 10:26:59.228	83.83	83.87	83.82	200	False
2026-02-20 10:26:59.425	83.83	83.87	83.83	200	False
2026-02-20 10:26:59.434	83.83	83.87	83.87	100	True
2026-02-20 10:26:59.434	83.83	83.87	83.86	100	True
2026-02-20 10:26:59.434	83.83	83.87	83.87	500	True
2026-02-20 10:26:59.476	83.83	83.87	83.88	400	True
2026-02-20 10:26:59.476	83.83	83.87	83.89	600	True
2026-02-20 10:26:59.476	83.83	83.87	83.88	300	True
2026-02-20 10:26:59.482	83.83	83.87	83.89	100	True
2026-02-20 10:26:59.530	83.85	83.89	83.85	100	False
2026-02-20 10:26:59.624	83.85	83.89	83.85	100	False
2026-02-20 10:26:59.786	83.85	83.89	83.84	100	False
2026-02-20 10:27:00.069	83.83	83.86	83.83	400	False
2026-02-20 10:27:00.350	83.82	83.84	83.82	100	False
2026-02-20 10:27:00.467	83.82	83.84	83.81	200	False
2026-02-20 10:27:00.471	83.82	83.84	83.8	200	False
2026-02-20 10:27:00.721	83.79	83.8	83.79	100	False
2026-02-20 10:27:01.003	83.78	83.8	83.78	100	False
2026-02-20 10:27:01.268	83.77	83.79	83.77	100	False
2026-02-20 10:27:01.268	83.77	83.79	83.76	300	False
2026-02-20 10:27:01.268	83.77	83.79	83.75	700	False
2026-02-20 10:27:01.284	83.77	83.79	83.79	100	True
2026-02-20 10:27:01.419	83.77	83.79	83.79	1900	True
2026-02-20 10:27:01.430	83.77	83.79	83.8	100	True
2026-02-20 10:27:01.437	83.77	83.79	83.76	100	False
2026-02-20 10:27:01.458	83.77	83.79	83.76	1000	False
2026-02-20 10:27:01.546	83.77	83.79	83.76	200	False
2026-02-20 10:27:01.546	83.77	83.79	83.75	400	False
2026-02-20 10:27:01.553	83.77	83.79	83.8	100	True
2026-02-20 10:27:01.634	83.76	83.8	83.76	100	False
2026-02-20 10:27:01.831	83.76	83.8	83.76	100	False
2026-02-20 10:27:01.831	83.76	83.8	83.75	200	False
2026-02-20 10:27:02.198	83.75	83.8	83.75	600	False
2026-02-20 10:27:02.746	83.75	83.8	83.75	500	False
2026-02-20 10:27:02.756	83.75	83.8	83.79	100	True
2026-02-20 10:27:02.857	83.75	83.8	83.8	300	True
2026-02-20 10:27:03.487	83.75	83.79	83.79	600	True
2026-02-20 10:27:03.534	83.75	83.79	83.76	100	True
